,Airbed,Apartment,Bed & Breakfast,Boat,Bungalow,Cabin,Camper/RV,Chalet,Condominium,Couch,Dorm,Futon,House,Loft,Other,Pull-out Sofa,Real Bed,Tent,Townhouse,Treehouse,Yurt,accommodates,availability_30,availability_365,availability_60,availability_90,bathrooms,bedrooms,beds,calculated_host_listings_count,guests_included,host_id,host_listings_count,host_total_listings_count,id,latitude,license,longitude,maximum_nights,minimum_nights,number_of_reviews,price,review_scores_accuracy,review_scores_checkin,review_scores_cleanliness,review_scores_communication,review_scores_location,review_scores_rating,review_scores_value,reviews_per_month,scrape_id,square_feet
0,-1,1,-1,-1,-1,-1,-1,-1,-1,-1,-1,-1,-1,-1,-1,-1,1,-1,-1,-1,-1,4,14,346,41,71,1.0,1.0,1.0,2,2,956883,3.0,3.0,241032,47.636289038357184,,-122.37102519997765,365,1,207,85,10.0,10.0,10.0,10.0,9.0,95.0,10.0,4.07,20160104002432,
1,-1,1,-1,-1,-1,-1,-1,-1,-1,-1,-1,-1,-1,-1,-1,-1,1,-1,-1,-1,-1,4,13,291,13,16,1.0,1.0,1.0,6,1,5177328,6.0,6.0,953595,47.63912312136253,,-122.36566646439582,90,2,43,150,10.0,10.0,10.0,10.0,10.0,96.0,10.0,1.48,20160104002432,
2,-1,-1,-1,-1,-1,-1,-1,-1,-1,-1,-1,-1,1,-1,-1,-1,1,-1,-1,-1,-1,11,1,220,6,17,4.5,5.0,7.0,2,10,16708587,2.0,2.0,3308979,47.629724131577355,,-122.3694831756176,30,4,20,975,10.0,10.0,10.0,10.0,10.0,97.0,10.0,1.15,20160104002432,
3,-1,1,-1,-1,-1,-1,-1,-1,-1,-1,-1,-1,-1,-1,-1,-1,1,-1,-1,-1,-1,3,0,143,0,0,1.0,0.0,2.0,1,1,9851441,1.0,1.0,7421966,47.63847320176642,,-122.36927912263019,1125,1,0,100,,,,,,,,,20160104002432,
4,-1,-1,-1,-1,-1,-1,-1,-1,-1,-1,-1,-1,1,-1,-1,-1,1,-1,-1,-1,-1,6,30,365,60,90,2.0,3.0,3.0,1,6,1452570,2.0,2.0,278830,47.63291840276724,,-122.37247063402224,1125,1,38,450,9.0,10.0,9.0,10.0,9.0,92.0,9.0,0.89,20160104002432,
5,-1,-1,-1,-1,-1,-1,-1,-1,-1,-1,-1,-1,1,-1,-1,-1,1,-1,-1,-1,-1,2,0,302,0,27,1.0,1.0,1.0,1,1,326758,1.0,1.0,5956968,47.630525482401936,,-122.36617406518856,6,1,17,120,10.0,10.0,10.0,10.0,10.0,95.0,10.0,2.45,20160104002432,
6,-1,-1,-1,-1,-1,-1,-1,-1,-1,-1,-1,-1,1,-1,-1,-1,1,-1,-1,-1,-1,2,20,346,49,71,1.0,1.0,1.0,1,1,2497928,1.0,1.0,1909058,47.636605445320065,,-122.36851905844937,14,3,58,80,10.0,10.0,10.0,10.0,10.0,99.0,10.0,2.46,20160104002432,
7,-1,-1,-1,-1,-1,1,-1,-1,-1,-1,-1,-1,-1,-1,-1,-1,1,-1,-1,-1,-1,2,22,100,42,42,1.0,1.0,1.0,5,1,4016632,5.0,5.0,856550,47.640160541214655,,-122.37585597885769,7,2,173,60,10.0,10.0,10.0,10.0,9.0,97.0,10.0,4.73,20160104002432,
8,-1,1,-1,-1,-1,-1,-1,-1,-1,-1,-1,-1,-1,-1,-1,-1,1,-1,-1,-1,-1,2,6,341,36,66,1.0,1.0,1.0,1,1,2166277,1.0,1.0,4948745,47.632410299829,,-122.35721606914028,1125,3,8,90,10.0,10.0,9.0,9.0,10.0,97.0,10.0,1.22,20160104002432,
9,-1,1,-1,-1,-1,-1,-1,-1,-1,-1,-1,-1,-1,-1,-1,-1,1,-1,-1,-1,-1,4,6,324,19,49,1.0,1.0,1.0,6,1,5177328,6.0,6.0,2493658,47.63749172022628,,-122.3668885909212,365,2,32,150,10.0,10.0,10.0,10.0,10.0,97.0,9.0,1.55,20160104002432,
10,-1,-1,-1,-1,-1,-1,-1,-1,-1,-1,-1,-1,1,-1,-1,-1,1,-1,-1,-1,-1,2,0,153,0,0,1.0,1.0,1.0,1,2,239585,1.0,1.0,175576,47.63548170841016,,-122.35847776162176,7,3,181,95,10.0,10.0,10.0,10.0,10.0,97.0,10.0,3.33,20160104002432,
11,-1,-1,-1,-1,-1,-1,-1,-1,-1,-1,-1,-1,1,-1,-1,-1,1,-1,-1,-1,-1,2,21,229,21,21,1.0,1.0,1.0,1,1,4606439,1.0,1.0,4454295,47.63721407513561,,-122.36004576141458,1125,3,8,99,10.0,9.0,10.0,10.0,10.0,97.0,9.0,0.98,20160104002432,
12,-1,1,-1,-1,-1,-1,-1,-1,-1,-1,-1,-1,-1,-1,-1,-1,1,-1,-1,-1,-1,4,30,362,60,90,1.0,2.0,3.0,1,1,19932967,1.0,1.0,3883392,47.6355455115124,,-122.37317075183506,14,3,13,245,10.0,10.0,10.0,10.0,10.0,98.0,10.0,0.92,20160104002432,
13,-1,-1,-1,-1,-1,-1,-1,-1,-1,-1,-1,-1,1,-1,-1,-1,1,-1,-1,-1,-1,5,13,337,40,63,1.0,2.0,3.0,1,4,25899989,1.0,1.0,8889257,47.629506809234314,,-122.3676292967417,1125,2,3,165,10.0,9.0,10.0,9.0,10.0,100.0,10.0,3.0,20160104002432,
14,-1,-1,-1,-1,-1,-1,-1,-1,-1,-1,-1,-1,1,-1,-1,-1,1,-1,-1,-1,-1,16,19,327,40,65,3.5,6.0,15.0,1,8,22372266,1.0,1.0,5680462,47.63920265551509,,-122.36586274154313,29,3,18,461,9.0,10.0,10.0,10.0,10.0,98.0,10.0,2.65,20160104002432,
15,-1,-1,-1,-1,-1,-1,-1,-1,-1,-1,-1,-1,1,-1,-1,-1,1,-1,-1,-1,-1,5,30,69,60,69,1.0,2.0,2.0,1,1,2983711,1.0,1.0,8988178,47.63564979343857,,-122.37289282480928,15,3,1,109,8.0,8.0,10.0,8.0,8.0,80.0,8.0,0.73,20160104002432,
16,-1,1,-1,-1,-1,-1,-1,-1,-1,-1,-1,-1,-1,-1,-1,-1,1,-1,-1,-1,-1,2,29,364,59,89,1.0,1.0,1.0,1,1,9465817,1.0,1.0,3245876,47.626200373817085,,-122.36660192617585,10,1,84,66,10.0,10.0,9.0,10.0,10.0,95.0,9.0,4.55,20160104002432,
17,-1,-1,-1,-1,-1,-1,-1,-1,-1,-1,-1,-1,1,-1,-1,-1,1,-1,-1,-1,-1,2,29,171,52,82,1.0,1.0,1.0,1,1,25417834,1.0,1.0,4933447,47.64064587578452,,-122.37240588895551,14,2,45,99,10.0,10.0,10.0,10.0,10.0,98.0,10.0,4.58,20160104002432,
18,-1,1,-1,-1,-1,-1,-1,-1,-1,-1,-1,1,-1,-1,-1,-1,-1,-1,-1,-1,-1,2,0,125,0,0,2.0,1.0,1.0,1,1,6170760,1.0,1.0,7735464,47.63977587341085,,-122.37223535879995,1125,1,0,200,,,,,,,,,20160104002432,
19,-1,-1,-1,-1,-1,-1,-1,-1,-1,-1,-1,-1,1,-1,-1,-1,1,-1,-1,-1,-1,10,24,359,54,84,3.5,5.0,5.0,1,1,32713558,1.0,1.0,6291829,47.63602477658138,,-122.35869359564735,30,3,5,700,10.0,9.0,9.0,9.0,8.0,85.0,8.0,0.82,20160104002432,
20,-1,-1,-1,-1,-1,-1,-1,-1,1,-1,-1,-1,-1,-1,-1,-1,1,-1,-1,-1,-1,1,29,360,55,85,1.0,1.0,1.0,1,1,14100483,1.0,1.0,9218403,47.62794033813239,,-122.36495872243864,1125,1,1,110,10.0,10.0,10.0,10.0,10.0,100.0,10.0,1.0,20160104002432,
21,-1,-1,-1,-1,-1,-1,-1,-1,-1,-1,-1,-1,1,-1,-1,-1,1,-1,-1,-1,-1,3,30,365,60,90,1.5,1.0,2.0,1,1,21401856,1.0,1.0,4125779,47.63637426223885,,-122.36103343324051,1125,1,11,99,9.0,9.0,9.0,9.0,10.0,84.0,8.0,0.71,20160104002432,
22,-1,-1,-1,-1,-1,-1,-1,-1,-1,-1,-1,-1,1,-1,-1,-1,1,-1,-1,-1,-1,8,0,53,0,0,2.0,4.0,4.0,1,1,46675077,1.0,1.0,8942678,47.63563222417987,,-122.35888090262146,1125,4,1,450,10.0,10.0,10.0,10.0,10.0,100.0,10.0,0.86,20160104002432,
23,-1,-1,-1,-1,-1,-1,-1,-1,-1,-1,-1,-1,1,-1,-1,-1,1,-1,-1,-1,-1,2,30,365,60,90,1.0,1.0,1.0,1,1,51860756,1.0,1.0,10106055,47.633393957777855,,-122.37191994372273,1125,1,0,75,,,,,,,,,20160104002432,
24,-1,-1,-1,-1,-1,-1,-1,-1,-1,-1,-1,-1,1,-1,-1,-1,1,-1,-1,-1,-1,5,0,212,0,0,2.5,3.0,3.0,1,1,33147763,1.0,1.0,6362362,47.63851671212965,,-122.36958103291498,1125,3,1,600,10.0,10.0,10.0,10.0,10.0,100.0,10.0,0.18,20160104002432,
25,-1,-1,-1,-1,-1,-1,-1,-1,-1,-1,-1,-1,1,-1,-1,-1,1,-1,-1,-1,-1,8,0,293,3,33,2.5,3.0,5.0,2,6,16708587,2.0,2.0,3544550,47.63139734518299,,-122.36776687067899,1125,4,8,450,10.0,9.0,10.0,10.0,10.0,100.0,10.0,1.3,20160104002432,
26,-1,-1,-1,-1,-1,-1,-1,-1,-1,-1,-1,-1,1,-1,-1,-1,1,-1,-1,-1,-1,5,0,49,0,0,1.0,2.0,3.0,1,1,68155,1.0,1.0,9025039,47.63875224201261,,-122.36797266885502,1125,1,0,150,,,,,,,,,20160104002432,
27,-1,-1,-1,-1,-1,-1,1,-1,-1,-1,-1,-1,-1,-1,-1,-1,1,-1,-1,-1,-1,2,22,107,49,49,1.0,1.0,1.0,5,1,4016632,5.0,5.0,3200646,47.639266020260955,,-122.37472581108143,7,2,80,45,10.0,10.0,10.0,10.0,9.0,95.0,9.0,4.38,20160104002432,
28,-1,1,-1,-1,-1,-1,-1,-1,-1,-1,-1,-1,-1,-1,-1,-1,1,-1,-1,-1,-1,6,24,356,54,84,2.0,3.0,3.0,1,1,3792761,5.0,5.0,8859380,47.62990711611138,,-122.36894813824877,1125,2,6,300,10.0,10.0,10.0,10.0,10.0,100.0,10.0,2.47,20160104002432,
29,-1,1,-1,-1,-1,-1,-1,-1,-1,-1,-1,-1,-1,-1,-1,-1,1,-1,-1,-1,-1,3,0,305,1,30,1.0,1.0,2.0,1,3,6184895,1.0,1.0,4520099,47.63981586823574,,-122.37433846349177,1125,2,4,80,8.0,7.0,9.0,10.0,9.0,85.0,9.0,0.33,20160104002432,
30,-1,1,-1,-1,-1,-1,-1,-1,-1,-1,-1,-1,-1,-1,-1,-1,1,-1,-1,-1,-1,4,19,323,46,62,1.0,1.0,1.0,6,1,5177328,6.0,6.0,2481869,47.63900777818944,,-122.36532007300232,365,2,38,175,10.0,10.0,10.0,10.0,10.0,96.0,10.0,1.86,20160104002432,
31,-1,-1,-1,-1,-1,-1,-1,-1,-1,-1,-1,-1,1,-1,-1,-1,1,-1,-1,-1,-1,6,23,162,50,77,1.5,3.0,3.0,8,6,5325329,9.0,9.0,1110749,47.63508504491007,,-122.36444347330422,1125,2,68,325,9.0,10.0,9.0,9.0,10.0,92.0,9.0,2.18,20160104002432,
32,-1,-1,-1,-1,-1,-1,-1,-1,-1,-1,-1,-1,1,-1,-1,-1,1,-1,-1,-1,-1,4,0,213,0,9,3.0,3.0,2.0,1,1,31037494,1.0,1.0,5978498,47.640633234573535,,-122.37270939338377,120,4,8,175,9.0,9.0,9.0,9.0,10.0,88.0,9.0,1.31,20160104002432,
33,-1,-1,-1,-1,-1,-1,-1,-1,-1,-1,-1,-1,1,-1,-1,-1,1,-1,-1,-1,-1,7,0,2,0,0,3.5,4.0,3.0,1,7,25906186,1.0,1.0,5021081,47.63812148697112,,-122.37578997278469,1125,2,5,222,8.0,8.0,9.0,9.0,9.0,75.0,8.0,0.99,20160104002432,
34,-1,1,-1,-1,-1,-1,-1,-1,-1,-1,-1,-1,-1,-1,-1,-1,1,-1,-1,-1,-1,4,11,309,38,68,1.0,2.0,2.0,1,1,8916363,1.0,1.0,1686930,47.62981553345286,,-122.36621233485974,1125,1,62,159,10.0,10.0,10.0,10.0,10.0,97.0,9.0,2.27,20160104002432,
35,-1,1,-1,-1,-1,-1,-1,-1,-1,-1,-1,-1,-1,-1,-1,-1,1,-1,-1,-1,-1,4,30,353,60,90,1.0,1.0,2.0,2,2,40335071,2.0,2.0,7680289,47.63981018787381,,-122.37380062876858,365,2,19,125,10.0,10.0,10.0,10.0,10.0,95.0,10.0,4.35,20160104002432,
36,-1,-1,-1,-1,-1,-1,-1,-1,-1,-1,-1,-1,1,-1,-1,-1,1,-1,-1,-1,-1,8,0,153,0,0,3.0,3.0,3.0,1,6,6544973,1.0,1.0,7207641,47.63556952470362,,-122.36165259464241,1125,3,5,348,10.0,10.0,10.0,10.0,10.0,96.0,9.0,0.97,20160104002432,
37,-1,-1,-1,-1,-1,-1,-1,-1,-1,-1,-1,1,1,-1,-1,-1,-1,-1,-1,-1,-1,1,28,363,58,88,1.0,1.0,1.0,1,1,21072725,1.0,1.0,5062445,47.63497873047923,,-122.35886941246471,1125,1,7,45,9.0,10.0,8.0,10.0,10.0,97.0,10.0,0.9,20160104002432,
38,-1,1,-1,-1,-1,-1,-1,-1,-1,-1,-1,-1,-1,-1,-1,-1,1,-1,-1,-1,-1,4,16,351,46,76,1.0,1.0,2.0,2,2,40335071,2.0,2.0,8925878,47.63936210298089,,-122.37240255654484,365,2,2,150,10.0,10.0,10.0,10.0,10.0,100.0,10.0,0.83,20160104002432,
39,-1,1,-1,-1,-1,-1,-1,-1,-1,-1,-1,-1,-1,-1,-1,-1,1,-1,-1,-1,-1,2,12,201,38,40,1.0,0.0,1.0,1,1,2052160,1.0,1.0,6389657,47.634616284308606,,-122.3580227325536,1125,3,11,80,10.0,10.0,10.0,10.0,10.0,98.0,10.0,1.98,20160104002432,
40,-1,1,-1,-1,-1,-1,-1,-1,-1,-1,-1,-1,-1,-1,-1,-1,1,-1,-1,-1,-1,4,19,351,46,76,1.0,1.0,2.0,1,2,21896205,1.0,1.0,4218733,47.63800137747845,,-122.36100481691408,1125,2,71,110,10.0,10.0,8.0,10.0,10.0,90.0,9.0,4.7,20160104002432,
41,-1,-1,-1,-1,-1,-1,-1,-1,-1,-1,-1,-1,1,-1,-1,-1,1,-1,-1,-1,-1,3,0,310,13,43,1.0,1.0,2.0,1,2,8242272,1.0,1.0,2715623,47.63199585097701,,-122.3716576650487,365,3,9,148,9.0,9.0,10.0,9.0,10.0,91.0,10.0,0.46,20160104002432,
42,-1,-1,-1,-1,-1,-1,-1,-1,-1,-1,-1,-1,1,-1,-1,-1,1,-1,-1,-1,-1,4,0,308,3,33,1.5,2.0,2.0,1,4,2315558,1.0,1.0,1392332,47.63868624334983,,-122.37079986877468,30,2,41,350,10.0,10.0,10.0,10.0,10.0,98.0,9.0,1.38,20160104002432,
43,-1,1,-1,-1,-1,-1,-1,-1,-1,-1,-1,-1,-1,-1,-1,-1,1,-1,-1,-1,-1,3,8,339,34,64,1.5,1.0,2.0,1,1,17597607,1.0,1.0,7308567,47.63365004372054,,-122.36044969320193,1125,2,18,150,10.0,10.0,10.0,10.0,10.0,98.0,10.0,3.35,20160104002432,
44,-1,-1,-1,-1,-1,-1,-1,-1,-1,-1,-1,-1,1,-1,-1,-1,1,-1,-1,-1,-1,5,0,285,0,11,1.0,1.0,1.0,1,1,34392395,1.0,1.0,6575380,47.63430017546052,,-122.35705980444612,1125,1,9,150,10.0,9.0,10.0,9.0,10.0,100.0,10.0,1.99,20160104002432,
45,-1,1,-1,-1,-1,-1,-1,-1,-1,-1,-1,1,-1,-1,-1,-1,-1,-1,-1,-1,-1,2,28,87,58,87,1.0,0.0,1.0,1,1,9031463,1.0,1.0,6004058,47.628343869748115,,-122.36640542137962,1125,1,20,100,9.0,9.0,9.0,9.0,9.0,92.0,9.0,2.29,20160104002432,
46,-1,-1,-1,-1,1,-1,-1,-1,-1,-1,-1,-1,-1,-1,-1,-1,1,-1,-1,-1,-1,10,30,354,60,90,3.0,4.0,4.0,1,1,12867960,1.0,1.0,9550869,47.63539394059413,,-122.36899114110727,1125,1,0,349,,,,,,,,,20160104002432,
47,-1,-1,-1,-1,1,-1,-1,-1,-1,-1,-1,-1,-1,-1,-1,-1,1,-1,-1,-1,-1,2,30,89,60,89,1.0,0.0,1.0,1,1,3502513,1.0,1.0,8515408,47.63803515893716,,-122.36091010563622,1125,2,3,110,10.0,10.0,10.0,10.0,10.0,100.0,10.0,1.06,20160104002432,
48,-1,-1,-1,-1,-1,-1,-1,-1,-1,-1,-1,-1,1,-1,-1,-1,1,-1,-1,-1,-1,4,0,295,0,20,1.0,1.0,2.0,1,2,27606550,1.0,1.0,5383192,47.63933158548954,,-122.36159942269484,1125,2,1,160,8.0,10.0,10.0,10.0,10.0,100.0,10.0,0.16,20160104002432,
49,-1,-1,-1,-1,-1,-1,-1,-1,-1,-1,-1,-1,1,-1,-1,-1,1,-1,-1,-1,-1,4,30,89,60,89,1.0,1.0,3.0,1,2,5856339,1.0,1.0,1112092,47.63530805145543,,-122.366531709012,1125,3,26,130,10.0,9.0,10.0,10.0,10.0,95.0,9.0,0.8,20160104002432,
50,-1,-1,-1,-1,-1,-1,-1,-1,-1,-1,-1,-1,1,-1,-1,-1,1,-1,-1,-1,-1,2,25,142,51,81,1.0,0.0,1.0,1,2,40885963,1.0,1.0,7772661,47.637374884138524,,-122.36941092468905,1125,1,2,99,10.0,10.0,10.0,10.0,10.0,100.0,10.0,2.0,20160104002432,
51,-1,1,-1,-1,-1,-1,-1,-1,-1,-1,-1,-1,-1,-1,-1,-1,1,-1,-1,-1,-1,2,0,29,15,29,1.0,0.0,1.0,1,1,27128936,1.0,1.0,9254900,47.638297567073266,,-122.37377871072084,1125,1,0,100,,,,,,,,,20160104002432,
52,-1,1,-1,-1,-1,-1,-1,-1,-1,-1,-1,1,-1,-1,-1,-1,-1,-1,-1,-1,-1,3,0,303,0,28,1.0,1.0,1.0,2,2,3521823,2.0,2.0,7714294,47.63175343884966,,-122.37127173011557,1125,2,3,137,10.0,10.0,10.0,10.0,10.0,100.0,10.0,0.64,20160104002432,
53,-1,1,-1,-1,-1,-1,-1,-1,-1,-1,-1,-1,-1,-1,-1,-1,1,-1,-1,-1,-1,3,18,351,46,76,1.0,1.0,1.0,1,1,53050379,1.0,1.0,10310373,47.63858056073184,,-122.3753257408229,1125,1,0,20,,,,,,,,,20160104002432,
54,-1,-1,-1,-1,-1,-1,-1,-1,-1,-1,-1,-1,-1,-1,-1,-1,1,-1,1,-1,-1,2,0,212,0,0,1.5,1.0,1.0,1,2,1039322,1.0,1.0,9368342,47.63788372174487,,-122.36737109377769,1125,4,0,150,,,,,,,,,20160104002432,
55,-1,1,-1,-1,-1,-1,-1,-1,-1,-1,-1,-1,-1,-1,-1,-1,1,-1,-1,-1,-1,2,15,331,39,69,1.0,1.0,1.0,1,2,25150356,1.0,1.0,6361863,47.637517345449275,,-122.36081167446434,1125,2,44,145,10.0,10.0,10.0,10.0,10.0,94.0,9.0,5.64,20160104002432,
56,-1,-1,-1,-1,-1,-1,-1,-1,-1,-1,-1,1,-1,-1,-1,-1,-1,-1,1,-1,-1,2,30,364,60,90,1.0,1.0,1.0,1,1,15155647,1.0,1.0,8105221,47.636874178021394,,-122.37227171191186,1125,1,10,80,10.0,10.0,10.0,10.0,10.0,100.0,10.0,2.5,20160104002432,
57,-1,-1,-1,-1,-1,-1,-1,-1,-1,-1,-1,-1,1,-1,-1,-1,1,-1,-1,-1,-1,2,18,321,32,50,1.0,0.0,1.0,1,1,12171359,3.0,3.0,3269390,47.632562742655686,,-122.36722284674143,1125,3,77,95,10.0,10.0,10.0,10.0,10.0,98.0,10.0,4.12,20160104002432,
58,-1,-1,-1,-1,-1,-1,-1,-1,-1,-1,-1,-1,1,-1,-1,-1,1,-1,-1,-1,-1,4,30,365,60,90,2.5,3.0,3.0,1,4,23669617,1.0,1.0,4566393,47.63532192210432,,-122.36612114800724,1125,2,0,400,,,,,,,,,20160104002432,
59,-1,-1,-1,-1,-1,-1,-1,-1,-1,-1,-1,-1,1,-1,-1,-1,1,-1,-1,-1,-1,2,0,247,0,0,2.0,1.0,1.0,1,1,560743,1.0,1.0,9282409,47.63263390932941,,-122.36931844777416,1125,2,2,85,10.0,10.0,10.0,10.0,10.0,100.0,10.0,1.3,20160104002432,
60,-1,1,-1,-1,-1,-1,-1,-1,-1,-1,-1,1,-1,-1,-1,-1,-1,-1,-1,-1,-1,2,0,103,0,0,1.0,1.0,1.0,2,1,3521823,2.0,2.0,8095168,47.63260003819553,,-122.3699524341257,1125,1,1,70,10.0,10.0,10.0,10.0,10.0,100.0,10.0,0.25,20160104002432,
61,-1,1,-1,-1,-1,-1,-1,-1,-1,-1,-1,-1,-1,-1,-1,-1,1,-1,-1,-1,-1,2,18,103,45,45,1.0,0.0,1.0,5,1,4016632,5.0,5.0,2746782,47.64105215050513,,-122.37508173306395,14,2,109,90,10.0,10.0,10.0,10.0,9.0,97.0,10.0,5.24,20160104002432,
62,-1,-1,-1,-1,-1,-1,-1,-1,-1,-1,-1,-1,1,-1,-1,-1,1,-1,-1,-1,-1,2,29,345,59,89,1.0,1.0,1.0,1,2,33524725,1.0,1.0,6424982,47.63140094589966,,-122.3676901333062,6,1,52,80,9.0,10.0,9.0,10.0,10.0,92.0,9.0,7.06,20160104002432,
63,-1,-1,-1,-1,-1,-1,1,-1,-1,-1,-1,-1,-1,-1,-1,-1,1,-1,-1,-1,-1,2,19,102,44,44,1.0,1.0,2.0,5,2,4016632,5.0,5.0,762029,47.64152492560981,,-122.3761503724508,7,2,191,60,10.0,10.0,10.0,10.0,9.0,97.0,10.0,4.96,20160104002432,
64,-1,-1,-1,-1,-1,-1,-1,-1,-1,-1,-1,-1,1,-1,-1,-1,1,-1,-1,-1,-1,4,30,48,48,48,1.0,2.0,2.0,1,4,46954097,1.0,1.0,8988281,47.635310702971786,,-122.36350557505072,15,1,0,175,,,,,,,,,20160104002432,
65,-1,-1,-1,-1,-1,-1,-1,-1,-1,-1,-1,-1,1,-1,-1,-1,1,-1,-1,-1,-1,6,23,27,25,25,2.5,3.0,4.0,1,6,2843411,1.0,1.0,7077910,47.669327174719676,,-122.39259356469371,1125,4,9,170,9.0,10.0,9.0,10.0,10.0,91.0,9.0,1.82,20160104002432,
66,-1,1,-1,-1,-1,-1,-1,-1,-1,-1,-1,-1,-1,-1,-1,-1,1,-1,-1,-1,-1,2,20,347,45,75,1.0,1.0,1.0,1,2,18232665,1.0,1.0,3772674,47.674074155575425,,-122.39386405032921,1125,3,65,85,10.0,10.0,10.0,10.0,10.0,98.0,10.0,3.94,20160104002432,
67,-1,-1,-1,-1,-1,-1,-1,-1,-1,-1,-1,-1,1,-1,-1,-1,1,-1,-1,-1,-1,12,3,175,26,46,3.5,5.0,7.0,1,1,28770702,4.0,4.0,7021906,47.673628072627935,,-122.38930195133072,1125,3,5,465,10.0,10.0,10.0,10.0,10.0,96.0,9.0,1.38,20160104002432,
68,-1,1,-1,-1,-1,-1,-1,-1,-1,-1,-1,-1,-1,-1,-1,-1,1,-1,-1,-1,-1,2,0,94,0,0,1.0,1.0,1.0,1,1,5326074,1.0,1.0,7618605,47.6684599605579,,-122.37951599522181,1125,1,5,175,10.0,10.0,10.0,10.0,10.0,96.0,9.0,1.01,20160104002432,
69,-1,-1,-1,-1,-1,-1,-1,-1,1,-1,-1,-1,-1,-1,-1,-1,1,-1,-1,-1,-1,2,20,355,50,80,1.0,1.0,1.0,1,0,31887689,1.0,1.0,10234558,47.6706623229397,,-122.37866592236747,1125,1,0,50,,,,,,,,,20160104002432,
70,-1,1,-1,-1,-1,-1,-1,-1,-1,-1,-1,-1,-1,-1,-1,-1,1,-1,-1,-1,-1,2,0,166,0,0,1.0,1.0,1.0,1,1,36805437,1.0,1.0,7021702,47.67264618041156,,-122.38933302722641,1125,1,0,60,,,,,,,,,20160104002432,
71,-1,-1,-1,-1,-1,-1,-1,-1,-1,-1,-1,-1,1,-1,-1,1,-1,-1,-1,-1,-1,2,25,360,55,85,1.0,1.0,1.0,1,1,1612983,1.0,1.0,7680439,47.673175384097654,,-122.38225959936204,1125,1,16,59,9.0,10.0,10.0,10.0,10.0,93.0,10.0,3.29,20160104002432,
72,-1,1,-1,-1,-1,-1,-1,-1,-1,-1,-1,-1,-1,-1,-1,-1,1,-1,-1,-1,-1,4,30,89,60,89,1.0,1.0,4.0,1,2,841009,1.0,1.0,4258515,47.667933001366045,,-122.3786524676208,1125,1,23,47,8.0,9.0,8.0,9.0,9.0,77.0,8.0,3.07,20160104002432,
73,-1,-1,-1,-1,-1,-1,-1,-1,-1,-1,-1,-1,1,-1,-1,-1,1,-1,-1,-1,-1,4,29,88,59,88,1.0,2.0,2.0,1,4,6296335,1.0,1.0,1148517,47.67296864487422,,-122.39733818247204,14,2,45,145,9.0,10.0,9.0,10.0,10.0,97.0,9.0,1.44,20160104002432,
74,-1,-1,-1,-1,-1,-1,-1,-1,-1,-1,-1,1,1,-1,-1,-1,-1,-1,-1,-1,-1,2,10,343,38,68,1.0,1.0,1.0,1,1,1343908,1.0,1.0,2487892,47.66862741947888,,-122.38949592536791,1125,1,75,70,10.0,10.0,9.0,10.0,10.0,94.0,10.0,3.46,20160104002432,
75,-1,-1,-1,-1,-1,-1,-1,-1,-1,-1,-1,-1,1,-1,-1,-1,1,-1,-1,-1,-1,2,15,348,43,73,1.0,1.0,1.0,1,1,15473800,1.0,1.0,3038772,47.67011138347178,,-122.39386928567663,1125,2,86,55,9.0,10.0,10.0,10.0,10.0,94.0,10.0,4.43,20160104002432,
76,-1,-1,-1,-1,-1,-1,-1,-1,-1,-1,-1,-1,1,-1,-1,-1,1,-1,-1,-1,-1,4,7,327,22,52,1.0,1.0,2.0,1,2,3587674,1.0,1.0,699460,47.671690500882136,,-122.38523906517405,90,2,151,95,10.0,10.0,10.0,10.0,10.0,97.0,10.0,3.85,20160104002432,
77,-1,-1,-1,-1,-1,-1,-1,-1,-1,-1,-1,-1,1,-1,-1,-1,1,-1,-1,-1,-1,2,26,345,49,79,1.0,1.0,1.0,1,1,21066328,1.0,1.0,4085439,47.670836178320855,,-122.39253711071063,1125,1,6,125,10.0,10.0,10.0,10.0,10.0,92.0,8.0,0.38,20160104002432,
78,-1,-1,-1,-1,-1,-1,-1,-1,-1,-1,-1,-1,1,-1,-1,-1,1,-1,-1,-1,-1,2,21,354,49,79,1.0,1.0,1.0,3,1,23228606,3.0,3.0,8053990,47.670886774459845,,-122.39302934993714,26,1,16,65,10.0,10.0,10.0,10.0,10.0,94.0,10.0,3.75,20160104002432,
79,-1,-1,-1,-1,-1,-1,-1,-1,-1,-1,-1,-1,1,-1,-1,1,-1,-1,-1,-1,-1,1,0,55,0,0,1.0,1.0,1.0,3,1,23228606,3.0,3.0,7011773,47.67011497066786,,-122.39299444305759,1125,1,0,25,,,,,,,,,20160104002432,
80,-1,-1,-1,-1,-1,-1,-1,-1,-1,-1,-1,-1,1,-1,-1,-1,1,-1,-1,-1,-1,4,0,48,0,0,1.0,0.0,2.0,1,2,811494,1.0,1.0,2467550,47.67430793211146,,-122.37674229798985,1125,5,0,40,,,,,,,,,20160104002432,
81,-1,-1,-1,-1,-1,-1,-1,-1,-1,-1,-1,-1,1,-1,-1,-1,1,-1,-1,-1,-1,6,27,354,49,79,1.0,3.0,4.0,2,4,2231298,4.0,4.0,2686374,47.67125039125342,,-122.38263911755712,1125,1,165,149,9.0,10.0,10.0,10.0,10.0,95.0,9.0,7.84,20160104002432,
82,-1,1,-1,-1,-1,-1,-1,-1,-1,-1,-1,-1,-1,-1,-1,-1,1,-1,-1,-1,-1,2,27,354,49,79,1.5,1.0,1.0,1,0,7466082,1.0,1.0,1956274,47.66869205752911,,-122.39608935555252,1125,3,48,125,10.0,10.0,10.0,10.0,10.0,100.0,10.0,2.11,20160104002432,
83,-1,-1,-1,-1,-1,-1,-1,-1,-1,-1,-1,-1,1,-1,-1,-1,1,-1,-1,-1,-1,2,0,247,0,0,0.5,1.0,1.0,2,1,43954674,3.0,3.0,8537192,47.67180552427677,,-122.38804711763315,1125,1,0,55,,,,,,,,,20160104002432,
84,-1,1,-1,-1,-1,-1,-1,-1,-1,-1,-1,-1,-1,-1,-1,-1,1,-1,-1,-1,-1,4,16,215,46,76,1.0,1.0,3.0,2,1,53050,2.0,2.0,5919096,47.67141840265096,,-122.38538535838535,999,5,2,129,10.0,10.0,10.0,10.0,10.0,100.0,10.0,0.26,20160104002432,
85,-1,1,-1,-1,-1,-1,-1,-1,-1,-1,-1,-1,-1,-1,-1,-1,1,-1,-1,-1,-1,2,0,199,0,0,1.0,1.0,1.0,1,1,3781927,1.0,1.0,6516529,47.668748954908544,,-122.38386997628157,1125,1,0,100,,,,,,,,,20160104002432,
86,-1,1,-1,-1,-1,-1,-1,-1,-1,-1,-1,-1,-1,-1,-1,-1,1,-1,-1,-1,-1,4,0,258,3,33,2.0,2.0,2.0,1,1,4970133,1.0,1.0,3294243,47.67268172430127,,-122.38773072437924,1125,2,27,150,10.0,10.0,10.0,10.0,10.0,93.0,9.0,1.48,20160104002432,
87,-1,-1,-1,-1,-1,-1,-1,-1,-1,-1,-1,-1,-1,-1,-1,-1,1,-1,1,-1,-1,1,28,363,58,88,1.0,1.0,1.0,1,1,24709547,1.0,1.0,10210971,47.66968184535222,,-122.3909884706122,1125,1,0,50,,,,,,,,,20160104002432,
88,-1,1,-1,-1,-1,-1,-1,-1,-1,-1,-1,-1,-1,-1,-1,-1,1,-1,-1,-1,-1,6,0,2,0,0,1.0,2.0,3.0,1,4,2882219,1.0,1.0,3584790,47.675044037520806,,-122.38271491715572,15,5,0,99,,,,,,,,,20160104002432,
89,-1,1,-1,-1,-1,-1,-1,-1,-1,-1,-1,-1,-1,-1,-1,-1,1,-1,-1,-1,-1,2,4,335,30,60,1.5,1.0,1.0,1,2,2317654,1.0,1.0,1266459,47.66797916893154,,-122.38210544982788,1125,2,9,150,10.0,10.0,10.0,10.0,9.0,98.0,9.0,0.3,20160104002432,
90,-1,-1,-1,-1,1,-1,-1,-1,-1,-1,-1,-1,-1,-1,-1,-1,1,-1,-1,-1,-1,4,17,17,17,17,1.0,1.0,3.0,2,1,43954674,3.0,3.0,9098059,47.67324984968531,,-122.38733165189251,1125,2,0,105,,,,,,,,,20160104002432,
91,-1,-1,-1,-1,-1,-1,-1,-1,-1,-1,-1,-1,1,-1,-1,-1,1,-1,-1,-1,-1,7,30,365,60,90,4.0,3.0,3.0,1,4,2034501,2.0,2.0,408526,47.67553326838632,,-122.376324014078,60,14,0,218,,,,,,,,,20160104002432,
92,-1,-1,-1,-1,-1,-1,-1,-1,-1,-1,-1,-1,1,-1,-1,-1,1,-1,-1,-1,-1,5,13,80,13,13,1.5,2.0,2.0,1,1,19071753,1.0,1.0,4118282,47.67570811427606,,-122.38755942597574,7,1,88,80,10.0,10.0,10.0,10.0,9.0,95.0,9.0,6.07,20160104002432,
93,-1,1,-1,-1,-1,-1,-1,-1,-1,-1,-1,-1,-1,-1,-1,-1,1,-1,-1,-1,-1,2,28,275,28,28,1.0,1.0,1.0,1,2,35674639,1.0,1.0,6813483,47.67477102702812,,-122.38583049183895,1125,2,10,126,9.0,10.0,10.0,10.0,10.0,98.0,9.0,1.75,20160104002432,
94,-1,1,-1,-1,-1,-1,-1,-1,-1,-1,-1,-1,-1,-1,-1,-1,1,-1,-1,-1,-1,4,30,56,49,56,1.0,1.0,2.0,1,2,24500821,1.0,1.0,6590264,47.66987431918954,,-122.3877174441698,1125,1,5,115,10.0,10.0,10.0,10.0,9.0,96.0,10.0,0.82,20160104002432,
95,-1,1,-1,-1,-1,-1,-1,-1,-1,-1,-1,-1,-1,-1,-1,-1,1,-1,-1,-1,-1,4,30,365,60,90,2.0,2.0,2.0,1,1,205007,1.0,1.0,2650482,47.6709757635429,,-122.38782530429948,10,2,10,225,10.0,10.0,10.0,10.0,10.0,98.0,9.0,0.64,20160104002432,
96,-1,-1,-1,-1,-1,1,-1,-1,-1,-1,-1,1,-1,-1,-1,-1,-1,-1,-1,-1,-1,2,10,341,40,70,1.0,1.0,1.0,2,2,79450,2.0,2.0,20927,47.673339388294714,,-122.39512028203795,14,2,244,89,10.0,10.0,9.0,10.0,10.0,97.0,10.0,3.64,20160104002432,400.0
97,-1,-1,-1,-1,-1,-1,-1,-1,-1,-1,-1,-1,1,-1,-1,-1,1,-1,-1,-1,-1,8,21,331,48,78,2.5,3.0,5.0,31,1,430709,36.0,36.0,4395578,47.67100488663872,,-122.38138141804373,1125,3,1,225,10.0,10.0,10.0,10.0,8.0,100.0,10.0,0.11,20160104002432,
98,-1,-1,-1,-1,-1,-1,-1,-1,-1,-1,-1,-1,1,-1,-1,-1,1,-1,-1,-1,-1,1,1,60,31,60,1.0,0.0,1.0,1,1,13535511,1.0,1.0,4995903,47.671703530555526,,-122.37633810114096,1125,1,0,50,,,,,,,,,20160104002432,
99,-1,1,-1,-1,-1,-1,-1,-1,-1,-1,-1,-1,-1,-1,-1,-1,1,-1,-1,-1,-1,4,5,295,28,52,1.0,1.0,2.0,1,1,28770702,4.0,4.0,5549211,47.671759971918824,,-122.39002012190964,45,3,40,134,10.0,10.0,10.0,10.0,10.0,98.0,10.0,4.05,20160104002432,
100,-1,1,-1,-1,-1,-1,-1,-1,-1,-1,-1,-1,-1,-1,-1,-1,1,-1,-1,-1,-1,2,0,94,0,0,1.0,1.0,1.0,1,1,15785670,1.0,1.0,8240758,47.674818672473364,,-122.38752123193476,1125,3,2,75,9.0,10.0,10.0,10.0,10.0,80.0,9.0,0.62,20160104002432,
101,-1,-1,-1,-1,-1,-1,-1,-1,-1,-1,-1,-1,1,-1,-1,-1,1,-1,-1,-1,-1,2,29,364,59,89,1.0,1.0,1.0,1,2,34872403,1.0,1.0,6856295,47.67300400680333,,-122.38500476109115,1125,1,46,65,10.0,10.0,10.0,10.0,10.0,97.0,10.0,6.87,20160104002432,
102,-1,-1,-1,-1,-1,-1,-1,-1,-1,-1,-1,-1,1,-1,-1,-1,1,-1,-1,-1,-1,6,28,363,58,88,2.5,3.0,4.0,1,1,33225983,2.0,2.0,6881188,47.670394534161645,,-122.39389700139685,1125,1,23,375,10.0,10.0,10.0,10.0,10.0,96.0,9.0,3.75,20160104002432,
103,-1,-1,-1,-1,-1,-1,-1,-1,-1,-1,-1,-1,1,-1,-1,-1,1,-1,-1,-1,-1,3,21,340,47,77,1.0,1.0,2.0,1,2,8403307,2.0,2.0,1579615,47.67582151758453,,-122.38971013062893,1125,2,44,97,10.0,10.0,10.0,10.0,10.0,98.0,10.0,1.55,20160104002432,485.0
104,-1,-1,-1,-1,-1,-1,-1,-1,1,-1,-1,-1,-1,-1,-1,-1,1,-1,-1,-1,-1,2,29,88,59,88,1.0,1.0,1.0,1,2,19296907,1.0,1.0,3766866,47.672284462169024,,-122.38231353831995,35,2,14,145,10.0,10.0,10.0,10.0,10.0,97.0,9.0,0.82,20160104002432,
105,-1,1,-1,-1,-1,-1,-1,-1,-1,-1,-1,-1,-1,-1,-1,-1,1,-1,-1,-1,-1,5,12,313,35,52,1.0,2.0,4.0,2,1,53050,2.0,2.0,2406966,47.6722723724429,,-122.3841322128415,1125,5,12,129,10.0,10.0,10.0,10.0,10.0,100.0,10.0,0.77,20160104002432,
106,-1,-1,-1,-1,-1,-1,-1,-1,-1,-1,-1,-1,1,-1,-1,-1,1,-1,-1,-1,-1,6,30,364,60,90,1.5,3.0,4.0,1,1,25066447,1.0,1.0,4872699,47.675750244739426,,-122.37657992996256,29,4,1,197,8.0,10.0,10.0,10.0,10.0,100.0,8.0,0.09,20160104002432,
107,-1,1,-1,-1,-1,-1,-1,-1,-1,-1,-1,-1,-1,-1,-1,-1,1,-1,-1,-1,-1,2,0,234,0,0,1.0,1.0,1.0,1,2,28375755,1.0,1.0,5470629,47.672602124987385,,-122.38844149131731,28,2,25,120,10.0,10.0,10.0,10.0,10.0,99.0,10.0,3.39,20160104002432,
108,-1,1,-1,-1,-1,-1,-1,-1,-1,-1,-1,-1,-1,-1,-1,-1,1,-1,-1,-1,-1,4,29,88,59,88,1.0,1.0,1.0,1,4,15060417,1.0,1.0,2950213,47.666766783670425,,-122.3812426518729,90,2,35,200,10.0,10.0,9.0,10.0,10.0,95.0,9.0,1.84,20160104002432,
109,-1,1,-1,-1,-1,-1,-1,-1,-1,-1,-1,-1,-1,-1,-1,-1,1,-1,-1,-1,-1,5,19,266,19,19,2.0,2.0,2.0,2,4,29133654,2.0,2.0,9015088,47.67550084177057,,-122.38890631386722,1125,1,5,135,10.0,10.0,10.0,10.0,10.0,100.0,10.0,3.95,20160104002432,
110,-1,-1,-1,-1,-1,-1,-1,-1,-1,-1,-1,1,1,-1,-1,-1,-1,-1,-1,-1,-1,2,30,365,60,90,1.0,1.0,1.0,1,2,4807375,1.0,1.0,3979496,47.675757643265115,,-122.37879830487678,1125,1,31,70,10.0,10.0,10.0,10.0,10.0,95.0,10.0,1.89,20160104002432,
111,-1,1,-1,-1,-1,-1,-1,-1,-1,-1,-1,-1,-1,-1,-1,-1,1,-1,-1,-1,-1,2,22,357,52,82,1.0,1.0,2.0,1,1,36085516,1.0,1.0,7501919,47.66780058682701,,-122.38830016297266,1125,2,7,150,8.0,10.0,10.0,10.0,10.0,97.0,9.0,1.37,20160104002432,
112,-1,1,-1,-1,-1,-1,-1,-1,-1,-1,-1,-1,-1,-1,-1,-1,1,-1,-1,-1,-1,3,30,89,60,89,1.0,1.0,1.0,1,1,19533935,1.0,1.0,4732995,47.66937129009435,,-122.37628776467493,1125,2,4,200,10.0,10.0,9.0,10.0,10.0,95.0,10.0,0.83,20160104002432,
113,-1,-1,-1,-1,-1,-1,-1,-1,-1,-1,-1,-1,-1,-1,-1,-1,1,-1,1,-1,-1,2,15,47,43,45,1.0,1.0,1.0,3,1,23228606,3.0,3.0,7134759,47.66896087580327,,-122.39387694463308,26,1,16,60,10.0,10.0,10.0,10.0,10.0,98.0,10.0,3.87,20160104002432,
114,-1,-1,-1,-1,-1,-1,-1,-1,-1,-1,-1,-1,1,-1,-1,-1,1,-1,-1,-1,-1,5,30,365,60,90,3.0,3.0,5.0,1,1,23489864,1.0,1.0,4532538,47.67168770578296,,-122.39255858918351,1125,5,1,180,10.0,10.0,10.0,10.0,10.0,100.0,10.0,1.0,20160104002432,
115,-1,1,-1,-1,-1,-1,-1,-1,-1,-1,-1,-1,-1,-1,-1,-1,1,-1,-1,-1,-1,3,1,114,4,34,1.0,1.0,1.0,1,2,39472587,1.0,1.0,7534398,47.67180998159056,,-122.38343718053751,1125,1,8,69,10.0,10.0,10.0,10.0,10.0,100.0,10.0,3.38,20160104002432,
116,-1,1,-1,-1,-1,-1,-1,-1,-1,-1,-1,-1,-1,-1,-1,-1,1,-1,-1,-1,-1,3,27,112,57,87,1.0,0.0,1.0,1,2,1539790,1.0,1.0,9387189,47.66502232989992,,-122.38279676983008,1125,1,1,90,10.0,10.0,10.0,10.0,10.0,100.0,10.0,1.0,20160104002432,
117,-1,1,-1,-1,-1,-1,-1,-1,-1,-1,-1,-1,-1,-1,-1,-1,1,-1,-1,-1,-1,2,0,149,0,0,1.0,1.0,1.0,1,2,32998581,1.0,1.0,6337492,47.66898920822731,,-122.39514528093302,1125,1,5,80,9.0,9.0,8.0,10.0,10.0,92.0,10.0,0.65,20160104002432,
118,-1,-1,-1,-1,-1,-1,-1,-1,-1,-1,-1,-1,-1,-1,-1,-1,1,-1,1,-1,-1,2,30,176,57,87,1.5,1.0,1.0,1,1,52580911,1.0,1.0,10231701,47.66935430313959,,-122.39034762933292,1125,1,0,65,,,,,,,,,20160104002432,
119,-1,-1,-1,-1,-1,-1,-1,-1,-1,-1,-1,-1,1,-1,-1,-1,1,-1,-1,-1,-1,5,0,16,10,11,1.5,2.0,2.0,1,2,3494510,1.0,1.0,1609922,47.67166567877917,,-122.3779123263432,1125,4,26,150,10.0,10.0,9.0,10.0,10.0,94.0,9.0,0.96,20160104002432,
120,-1,-1,-1,-1,-1,-1,-1,-1,-1,-1,-1,-1,1,-1,-1,-1,1,-1,-1,-1,-1,6,30,362,57,87,1.5,2.0,3.0,2,4,2231298,4.0,4.0,4236723,47.670581422005775,,-122.38221116149721,1125,1,113,195,9.0,10.0,9.0,10.0,10.0,94.0,9.0,7.53,20160104002432,
121,-1,1,-1,-1,-1,-1,-1,-1,-1,-1,-1,-1,-1,-1,-1,-1,1,-1,-1,-1,-1,4,22,183,28,28,1.0,1.0,1.0,1,1,19001873,1.0,1.0,7843837,47.67210896416091,,-122.38358854815434,7,1,0,149,,,,,,,,,20160104002432,
122,-1,-1,-1,-1,-1,-1,-1,-1,-1,-1,-1,-1,1,-1,-1,-1,1,-1,-1,-1,-1,5,30,365,60,90,3.0,2.0,2.0,1,1,15655683,1.0,1.0,3076065,47.671458070061,,-122.3791744931495,1125,3,15,224,10.0,9.0,10.0,10.0,10.0,96.0,9.0,1.22,20160104002432,
123,-1,-1,-1,-1,-1,-1,-1,-1,-1,-1,-1,-1,1,-1,-1,-1,1,-1,-1,-1,-1,3,10,54,25,54,1.0,2.0,2.0,1,2,33367198,1.0,1.0,6423204,47.6715597705886,,-122.38270398820173,1125,3,44,115,9.0,10.0,9.0,10.0,9.0,91.0,9.0,5.87,20160104002432,
124,-1,-1,-1,-1,-1,-1,-1,-1,-1,-1,-1,-1,1,-1,-1,-1,1,-1,-1,-1,-1,2,0,249,2,2,1.0,1.0,1.0,2,1,43954674,3.0,3.0,8338849,47.67283504028537,,-122.38747162849462,1125,1,7,55,10.0,10.0,10.0,10.0,10.0,94.0,10.0,1.91,20160104002432,
125,-1,-1,-1,-1,-1,-1,-1,-1,-1,-1,-1,-1,1,-1,-1,-1,1,-1,-1,-1,-1,8,16,154,46,72,2.5,4.0,5.0,1,6,28770702,4.0,4.0,6401209,47.673971287826824,,-122.38938054168423,1125,3,13,338,10.0,10.0,10.0,10.0,10.0,97.0,10.0,2.05,20160104002432,
126,-1,-1,-1,-1,-1,-1,-1,-1,-1,-1,-1,1,1,-1,-1,-1,-1,-1,-1,-1,-1,2,15,334,41,59,1.0,1.0,1.0,2,1,79450,2.0,2.0,20928,47.67360709682782,,-122.39380285936103,14,2,44,79,10.0,10.0,10.0,10.0,10.0,97.0,10.0,6.23,20160104002432,
127,-1,-1,-1,-1,-1,-1,-1,-1,-1,-1,-1,-1,1,-1,-1,-1,1,-1,-1,-1,-1,2,20,166,47,77,1.0,1.0,1.0,1,1,16884006,1.0,1.0,3344977,47.669398692211644,,-122.38925404053214,31,1,56,80,10.0,10.0,10.0,10.0,10.0,96.0,10.0,3.11,20160104002432,
128,-1,-1,-1,-1,-1,-1,-1,-1,-1,-1,-1,-1,-1,-1,-1,-1,1,-1,1,-1,-1,2,30,89,60,89,1.0,0.0,1.0,1,1,39884676,1.0,1.0,7604621,47.67217669776719,,-122.39036168722622,1125,2,11,85,10.0,9.0,10.0,10.0,10.0,95.0,9.0,3.55,20160104002432,
129,-1,-1,-1,-1,-1,-1,-1,-1,-1,-1,-1,1,1,-1,-1,-1,-1,-1,-1,-1,-1,2,24,150,45,61,1.0,1.0,1.0,1,2,16687781,1.0,1.0,3303978,47.67349962278431,,-122.38696357012668,100,2,39,80,10.0,10.0,10.0,10.0,10.0,98.0,10.0,2.22,20160104002432,
130,-1,-1,-1,-1,-1,-1,-1,-1,-1,-1,-1,-1,-1,1,-1,-1,1,-1,-1,-1,-1,3,17,344,42,69,1.0,1.0,1.0,1,1,25171396,1.0,1.0,7067082,47.66934442551612,,-122.38653914653787,1125,1,10,49,9.0,10.0,9.0,10.0,10.0,90.0,9.0,1.68,20160104002432,
131,-1,-1,-1,-1,-1,-1,-1,-1,-1,-1,-1,-1,1,-1,-1,-1,1,-1,-1,-1,-1,4,0,240,0,0,2.5,3.0,2.0,1,1,4152568,1.0,1.0,3121829,47.67192180151982,,-122.38065681959446,1125,1,6,100,10.0,9.0,10.0,9.0,10.0,90.0,9.0,0.34,20160104002432,
132,-1,1,-1,-1,-1,-1,-1,-1,-1,-1,-1,-1,-1,-1,-1,-1,1,-1,-1,-1,-1,2,0,2,0,0,1.0,1.0,1.0,1,1,12503146,1.0,1.0,2539881,47.66934543707652,,-122.3969734650869,1125,1,4,79,8.0,10.0,8.0,10.0,10.0,85.0,10.0,0.2,20160104002432,
133,-1,1,-1,-1,-1,-1,-1,-1,-1,-1,-1,-1,-1,-1,-1,-1,1,-1,-1,-1,-1,2,22,356,51,81,1.0,0.0,1.0,1,2,5776729,1.0,1.0,3678718,47.66746397778186,,-122.37825532356035,14,2,79,75,10.0,10.0,10.0,10.0,10.0,96.0,10.0,4.67,20160104002432,
134,-1,-1,-1,-1,-1,-1,-1,-1,-1,-1,-1,-1,1,-1,-1,-1,1,-1,-1,-1,-1,2,26,358,53,83,1.0,1.0,1.0,2,0,20069008,2.0,2.0,4694479,47.671811973491344,,-122.38898134331578,28,2,50,57,10.0,10.0,10.0,10.0,10.0,96.0,10.0,5.32,20160104002432,
135,-1,1,-1,-1,-1,-1,-1,-1,-1,-1,-1,-1,-1,-1,-1,-1,1,-1,-1,-1,-1,4,9,340,38,68,1.0,1.0,2.0,1,2,34793330,1.0,1.0,6646843,47.67082046273361,,-122.37051108183849,1125,2,28,99,10.0,10.0,9.0,10.0,10.0,89.0,9.0,5.79,20160104002432,
136,-1,1,-1,-1,-1,-1,-1,-1,-1,-1,-1,1,-1,-1,-1,-1,-1,-1,-1,-1,-1,1,30,365,60,90,1.0,1.0,1.0,1,1,256203,1.0,1.0,1364440,47.66373440372557,,-122.36208010121663,10,2,20,55,10.0,10.0,10.0,10.0,9.0,100.0,10.0,0.68,20160104002432,
137,-1,1,-1,-1,-1,-1,-1,-1,-1,-1,-1,-1,-1,-1,-1,-1,1,-1,-1,-1,-1,2,30,179,60,90,1.0,1.0,1.0,1,2,2237228,1.0,1.0,1781873,47.66759680332012,,-122.36470165349674,14,2,57,96,10.0,10.0,9.0,10.0,9.0,92.0,9.0,2.56,20160104002432,
138,-1,-1,-1,-1,-1,-1,-1,-1,-1,-1,-1,-1,1,-1,-1,-1,1,-1,-1,-1,-1,4,21,352,51,81,1.0,1.0,1.0,2,2,129014,2.0,2.0,4138423,47.67053238312327,,-122.3653184658712,1125,1,38,99,10.0,10.0,9.0,10.0,9.0,94.0,9.0,2.61,20160104002432,
139,-1,-1,-1,-1,-1,-1,-1,-1,-1,-1,-1,-1,1,-1,-1,-1,1,-1,-1,-1,-1,4,23,162,43,73,1.0,2.0,2.0,1,1,28840161,1.0,1.0,5562674,47.66676677493285,,-122.36882353054042,1125,1,71,79,10.0,10.0,10.0,10.0,10.0,95.0,9.0,7.2,20160104002432,
140,-1,-1,-1,-1,-1,-1,-1,-1,-1,-1,-1,-1,1,-1,-1,-1,1,-1,-1,-1,-1,2,0,174,4,34,1.0,1.0,1.0,2,2,3979528,5.0,5.0,1789341,47.67235397537272,,-122.36617489987724,365,3,17,115,10.0,10.0,10.0,10.0,10.0,99.0,10.0,0.82,20160104002432,
141,-1,-1,-1,-1,-1,-1,-1,-1,-1,-1,-1,-1,1,-1,-1,-1,1,-1,-1,-1,-1,10,30,352,60,90,2.5,3.0,5.0,1,6,19993125,2.0,2.0,4672934,47.665836865867455,,-122.3701323090277,1125,1,13,350,10.0,10.0,10.0,10.0,10.0,98.0,10.0,1.06,20160104002432,
142,-1,-1,-1,-1,-1,-1,-1,-1,-1,-1,-1,-1,1,-1,-1,-1,1,-1,-1,-1,-1,6,0,0,0,0,3.0,3.0,3.0,1,5,15104715,1.0,1.0,4550099,47.67433308471203,,-122.37567798462509,7,2,3,295,9.0,9.0,7.0,10.0,9.0,93.0,8.0,0.22,20160104002432,
143,-1,-1,-1,-1,-1,-1,-1,-1,-1,-1,-1,-1,1,-1,-1,-1,1,-1,-1,-1,-1,2,2,337,32,62,1.5,1.0,1.0,1,0,6428916,1.0,1.0,1198799,47.67269173801665,,-122.37355860934434,1125,2,19,70,10.0,10.0,10.0,10.0,10.0,98.0,10.0,1.84,20160104002432,
144,-1,-1,-1,-1,-1,-1,-1,-1,-1,-1,-1,-1,1,-1,-1,-1,1,-1,-1,-1,-1,2,0,168,0,28,1.0,1.0,1.0,1,1,7849723,1.0,1.0,5308429,47.67529056125138,,-122.3704740867495,1125,14,18,53,10.0,10.0,10.0,10.0,10.0,99.0,10.0,1.65,20160104002432,
145,-1,-1,-1,-1,-1,-1,-1,-1,-1,-1,-1,-1,1,-1,-1,-1,1,-1,-1,-1,-1,4,0,306,3,33,1.0,2.0,2.0,1,1,5067360,2.0,2.0,2769088,47.66899339456252,,-122.36286030212109,14,2,12,110,8.0,9.0,6.0,9.0,9.0,71.0,7.0,0.61,20160104002432,
146,-1,-1,-1,-1,-1,-1,-1,-1,-1,-1,-1,-1,1,-1,-1,-1,1,-1,-1,-1,-1,4,0,143,10,10,1.0,2.0,2.0,1,1,39549545,1.0,1.0,7603135,47.66879474989718,,-122.36161253562618,1125,1,4,225,10.0,9.0,10.0,10.0,10.0,95.0,10.0,0.85,20160104002432,
147,-1,-1,-1,-1,-1,-1,-1,-1,-1,-1,-1,-1,1,-1,-1,-1,1,-1,-1,-1,-1,2,12,326,23,51,1.5,1.0,1.0,1,2,6407320,4.0,4.0,9374365,47.67388232209365,,-122.37462627764069,1125,1,7,35,10.0,10.0,10.0,10.0,10.0,97.0,10.0,3.96,20160104002432,
148,-1,-1,-1,-1,-1,-1,-1,-1,-1,-1,-1,-1,1,-1,-1,-1,1,-1,-1,-1,-1,2,0,247,0,0,1.0,1.0,1.0,1,1,31684830,1.0,1.0,6106498,47.66578734385211,,-122.36199230817007,1125,1,23,55,10.0,10.0,10.0,10.0,9.0,97.0,10.0,2.82,20160104002432,
149,-1,-1,-1,-1,-1,-1,-1,-1,-1,-1,-1,-1,-1,-1,-1,-1,1,-1,1,-1,-1,2,12,326,23,51,1.5,1.0,1.0,1,2,6407320,4.0,4.0,9331449,47.67228262980747,,-122.37316164543348,1125,1,2,45,10.0,10.0,8.0,10.0,10.0,90.0,9.0,2.0,20160104002432,
150,-1,-1,-1,-1,-1,-1,-1,-1,-1,-1,-1,-1,1,-1,-1,-1,1,-1,-1,-1,-1,2,30,89,60,89,1.0,1.0,1.0,1,1,46108145,1.0,1.0,8799162,47.66835401382791,,-122.36113882173048,7,1,0,79,,,,,,,,,20160104002432,
151,-1,-1,-1,-1,-1,-1,-1,-1,-1,-1,-1,-1,1,-1,-1,-1,1,-1,-1,-1,-1,8,30,365,60,90,1.0,2.0,6.0,1,4,22414188,1.0,1.0,4317390,47.66880846075268,,-122.36626178965858,1125,2,39,133,10.0,9.0,10.0,10.0,10.0,95.0,9.0,2.87,20160104002432,
152,-1,1,-1,-1,-1,-1,-1,-1,-1,-1,-1,-1,-1,-1,-1,-1,1,-1,-1,-1,-1,2,30,365,60,90,1.0,1.0,1.0,1,1,19477023,1.0,1.0,3884851,47.66832396294996,,-122.37182116588184,1125,2,64,65,10.0,10.0,10.0,10.0,10.0,96.0,10.0,3.86,20160104002432,
153,-1,1,-1,-1,-1,-1,-1,-1,-1,-1,-1,-1,-1,-1,-1,-1,1,-1,-1,-1,-1,1,0,125,0,0,2.0,1.0,1.0,1,1,9484588,1.0,1.0,3155785,47.67237240356582,,-122.36284167727257,1125,1,4,61,10.0,9.0,8.0,9.0,9.0,80.0,9.0,0.82,20160104002432,
154,-1,-1,-1,-1,-1,-1,-1,-1,-1,-1,-1,-1,1,-1,-1,-1,1,-1,-1,-1,-1,4,0,30,0,0,2.0,3.0,3.0,1,1,48604323,2.0,2.0,9368517,47.663882055531076,,-122.36217494637009,7,4,0,200,,,,,,,,,20160104002432,
155,-1,1,-1,-1,-1,-1,-1,-1,-1,-1,-1,-1,-1,-1,-1,-1,1,-1,-1,-1,-1,2,8,93,8,8,1.0,1.0,1.0,1,1,12036205,1.0,1.0,5643240,47.67092865309486,,-122.36678178087116,1125,5,8,70,10.0,10.0,9.0,10.0,10.0,90.0,10.0,1.21,20160104002432,
156,-1,-1,-1,-1,-1,-1,-1,-1,-1,-1,-1,-1,1,-1,-1,1,-1,-1,-1,-1,-1,1,0,308,3,33,1.0,1.0,1.0,1,1,18413215,2.0,2.0,5042014,47.67261671354907,,-122.37439272047213,90,30,14,52,10.0,10.0,10.0,10.0,10.0,97.0,10.0,1.25,20160104002432,
157,-1,1,-1,-1,-1,-1,-1,-1,-1,-1,-1,1,-1,-1,-1,-1,-1,-1,-1,-1,-1,2,0,126,0,0,1.0,1.0,1.0,1,1,26877490,1.0,1.0,7724630,47.67271727544414,,-122.3614171313138,1125,1,1,50,8.0,10.0,8.0,10.0,10.0,100.0,8.0,0.3,20160104002432,
158,-1,-1,-1,-1,-1,-1,-1,-1,-1,-1,-1,-1,-1,-1,-1,-1,1,-1,1,-1,-1,8,0,232,0,0,2.5,4.0,4.0,1,8,6407320,4.0,4.0,9449437,47.672743361548726,,-122.3731944887127,1125,1,0,275,,,,,,,,,20160104002432,
159,-1,-1,-1,-1,-1,-1,-1,-1,-1,-1,-1,-1,1,-1,-1,-1,1,-1,-1,-1,-1,2,28,363,58,88,1.0,1.0,1.0,1,1,11580391,1.0,1.0,3053237,47.664549212873595,,-122.36820885545076,1125,2,85,149,10.0,10.0,10.0,10.0,9.0,99.0,10.0,4.28,20160104002432,
160,-1,-1,-1,-1,-1,-1,-1,-1,-1,-1,-1,-1,1,-1,-1,-1,1,-1,-1,-1,-1,8,0,270,0,0,2.0,2.0,4.0,1,5,3681393,2.0,2.0,8132347,47.66658567122086,,-122.3656518297328,1125,1,0,199,,,,,,,,,20160104002432,
161,-1,1,-1,-1,-1,-1,-1,-1,-1,-1,-1,-1,-1,-1,-1,-1,1,-1,-1,-1,-1,2,28,164,45,75,1.0,1.0,1.0,1,2,311363,1.0,1.0,63733,47.67171434029387,,-122.36588759794857,14,2,125,89,10.0,10.0,10.0,10.0,10.0,97.0,10.0,2.18,20160104002432,
162,-1,-1,-1,-1,-1,-1,-1,-1,-1,-1,-1,-1,1,-1,-1,-1,1,-1,-1,-1,-1,10,17,124,42,58,2.0,3.0,3.0,8,8,5325329,9.0,9.0,2039149,47.66686785296194,,-122.36403130868251,90,1,121,225,9.0,10.0,9.0,10.0,9.0,91.0,9.0,5.15,20160104002432,
163,-1,1,-1,-1,-1,-1,-1,-1,-1,-1,-1,-1,-1,-1,-1,-1,1,-1,-1,-1,-1,3,0,320,22,52,1.0,1.0,2.0,1,2,1187351,1.0,1.0,227636,47.66807053413411,,-122.36208615998129,120,2,131,120,10.0,10.0,10.0,10.0,9.0,97.0,10.0,2.59,20160104002432,800.0
164,-1,-1,-1,-1,-1,-1,-1,-1,-1,-1,-1,-1,1,-1,-1,-1,1,-1,-1,-1,-1,2,30,365,60,90,1.0,0.0,1.0,1,1,1375021,1.0,1.0,3689119,47.672123685466175,,-122.36500937361328,1125,2,49,85,10.0,10.0,10.0,10.0,10.0,98.0,10.0,2.85,20160104002432,
165,-1,-1,-1,-1,-1,-1,-1,-1,-1,-1,-1,-1,1,-1,-1,-1,1,-1,-1,-1,-1,4,12,326,23,51,1.5,1.0,2.0,1,4,6407320,4.0,4.0,1179538,47.67358404078293,,-122.37381429203026,1125,1,2,80,10.0,10.0,10.0,10.0,8.0,100.0,8.0,1.3,20160104002432,
166,-1,-1,-1,-1,-1,-1,-1,-1,-1,-1,-1,-1,1,-1,-1,-1,1,-1,-1,-1,-1,3,24,324,49,49,1.0,1.0,3.0,1,2,35742272,1.0,1.0,6823781,47.66337838362958,,-122.36469149710264,1125,2,28,89,10.0,10.0,10.0,10.0,10.0,95.0,10.0,4.29,20160104002432,
167,-1,-1,-1,-1,-1,-1,-1,-1,-1,-1,-1,-1,1,-1,-1,-1,1,-1,-1,-1,-1,4,21,348,49,75,1.0,1.0,1.0,2,2,129014,2.0,2.0,2284536,47.66934138807211,,-122.36626412798002,1125,2,111,99,9.0,10.0,9.0,10.0,10.0,92.0,9.0,4.89,20160104002432,
168,-1,1,-1,-1,-1,-1,-1,-1,-1,-1,-1,-1,-1,-1,-1,-1,1,-1,-1,-1,-1,4,16,345,43,72,1.0,1.0,3.0,2,2,179626,2.0,2.0,5143441,47.66493715631803,,-122.36167965105034,16,1,49,110,10.0,10.0,10.0,10.0,10.0,97.0,10.0,4.51,20160104002432,
169,-1,-1,-1,-1,-1,-1,-1,-1,-1,-1,-1,-1,1,-1,-1,-1,1,-1,-1,-1,-1,6,9,60,14,14,1.0,2.0,3.0,1,4,3751963,1.0,1.0,5749958,47.66884466698575,,-122.36837930645352,1125,3,28,180,10.0,10.0,10.0,10.0,10.0,96.0,10.0,3.4,20160104002432,
170,-1,1,-1,-1,-1,-1,-1,-1,-1,-1,-1,-1,-1,-1,-1,-1,1,-1,-1,-1,-1,4,2,337,32,62,1.0,2.0,2.0,1,1,276239,1.0,1.0,9116815,47.66501670356925,,-122.36470709008397,1125,2,0,150,,,,,,,,,20160104002432,
171,-1,1,-1,-1,-1,-1,-1,-1,-1,-1,-1,-1,-1,-1,-1,-1,1,-1,-1,-1,-1,4,21,56,39,56,1.0,1.0,2.0,1,1,8739320,1.0,1.0,7731836,47.668937521955044,,-122.3733392272172,1125,1,3,70,10.0,10.0,10.0,10.0,9.0,100.0,9.0,3.0,20160104002432,
172,-1,-1,-1,-1,-1,-1,-1,-1,-1,-1,-1,-1,1,-1,-1,-1,1,-1,-1,-1,-1,2,30,365,60,90,1.0,1.0,1.0,1,1,4933168,2.0,2.0,10262971,47.66597002223229,,-122.36863925023113,1125,1,0,70,,,,,,,,,20160104002432,
173,-1,-1,-1,-1,-1,-1,-1,-1,-1,-1,-1,-1,1,-1,-1,-1,1,-1,-1,-1,-1,1,30,365,60,90,1.0,1.0,1.0,1,1,6136210,1.0,1.0,1407502,47.67431327427621,,-122.3679688358834,1125,4,9,75,8.0,9.0,9.0,9.0,9.0,89.0,9.0,0.47,20160104002432,
174,-1,1,-1,-1,-1,-1,-1,-1,-1,-1,-1,-1,-1,-1,-1,-1,1,-1,-1,-1,-1,4,3,114,25,48,1.0,2.0,2.0,1,4,3656709,1.0,1.0,8817038,47.66520903071561,,-122.36245654108221,45,2,12,85,10.0,10.0,10.0,10.0,10.0,97.0,10.0,5.22,20160104002432,
175,-1,-1,-1,-1,-1,-1,-1,-1,-1,-1,-1,-1,1,-1,-1,-1,1,-1,-1,-1,-1,2,20,85,44,72,1.0,1.0,1.0,1,1,19993125,2.0,2.0,4449303,47.6644454546346,,-122.37017098093241,1125,1,50,80,10.0,10.0,10.0,10.0,10.0,95.0,9.0,5.02,20160104002432,
176,-1,1,-1,-1,-1,-1,-1,-1,-1,-1,-1,-1,-1,-1,-1,-1,1,-1,-1,-1,-1,3,25,174,55,85,1.0,1.0,1.0,1,1,15178583,1.0,1.0,8255615,47.6668216771774,,-122.36293667267698,30,3,3,90,10.0,9.0,10.0,10.0,10.0,100.0,10.0,0.85,20160104002432,
177,-1,-1,-1,-1,-1,-1,-1,-1,-1,-1,-1,-1,1,-1,-1,-1,1,-1,-1,-1,-1,2,10,342,37,67,1.0,1.0,1.0,1,1,9995182,1.0,1.0,4053092,47.671222429825924,,-122.3636868946413,1125,1,24,80,10.0,10.0,10.0,10.0,10.0,98.0,10.0,1.58,20160104002432,
178,-1,-1,-1,-1,-1,-1,1,-1,-1,-1,-1,-1,-1,-1,-1,1,-1,-1,-1,-1,-1,2,27,361,57,86,1.0,0.0,1.0,1,1,24786046,1.0,1.0,6886633,47.66365549017706,,-122.36694111938831,7,1,81,75,10.0,10.0,10.0,10.0,9.0,95.0,10.0,12.15,20160104002432,
179,-1,1,-1,-1,-1,-1,-1,-1,-1,-1,-1,-1,-1,-1,-1,-1,1,-1,-1,-1,-1,3,0,247,0,0,1.0,2.0,2.0,1,1,4855968,1.0,1.0,8820414,47.67548902955034,,-122.36751450938364,1125,1,0,80,,,,,,,,,20160104002432,
180,-1,-1,-1,-1,-1,-1,-1,-1,-1,-1,-1,-1,1,-1,-1,-1,1,-1,-1,-1,-1,2,25,360,55,85,1.0,1.0,1.0,1,1,5067360,2.0,2.0,3052151,47.66688717008992,,-122.36466408857248,14,2,19,70,8.0,9.0,7.0,9.0,9.0,85.0,8.0,0.98,20160104002432,
181,-1,-1,-1,-1,-1,-1,-1,-1,-1,-1,-1,-1,1,-1,-1,-1,1,-1,-1,-1,-1,8,0,131,0,0,3.5,4.0,4.0,1,1,11850640,1.0,1.0,2339333,47.673571182372754,,-122.36427426098558,1125,3,6,350,10.0,10.0,10.0,10.0,9.0,100.0,9.0,0.95,20160104002432,
182,-1,1,-1,-1,-1,-1,-1,-1,-1,-1,-1,-1,-1,-1,-1,-1,1,-1,-1,-1,-1,4,3,313,21,49,1.0,0.0,1.0,1,2,8612866,1.0,1.0,1618842,47.665244637681454,,-122.37040951426208,30,2,115,95,10.0,10.0,10.0,10.0,10.0,99.0,10.0,4.79,20160104002432,450.0
183,-1,-1,-1,-1,-1,-1,-1,-1,-1,-1,-1,-1,1,-1,-1,-1,1,-1,-1,-1,-1,2,30,179,60,90,1.0,1.0,1.0,2,1,4405122,2.0,2.0,888967,47.6716795637434,,-122.36538980595968,1125,1,72,90,10.0,10.0,10.0,10.0,10.0,99.0,10.0,2.14,20160104002432,
184,-1,-1,-1,-1,-1,-1,-1,-1,-1,-1,-1,-1,1,-1,-1,-1,1,-1,-1,-1,-1,12,0,205,0,0,2.0,4.0,5.0,2,9,287962,4.0,4.0,380950,47.66624016921079,,-122.36091774648482,1125,2,12,435,8.0,10.0,9.0,10.0,9.0,84.0,8.0,0.28,20160104002432,
185,-1,-1,-1,-1,-1,-1,-1,-1,-1,-1,-1,-1,1,-1,-1,-1,1,-1,-1,-1,-1,6,30,365,60,90,1.5,3.0,3.0,8,1,31148752,354.0,354.0,8097708,47.670912424406396,,-122.36559953129215,1125,2,1,250,10.0,10.0,10.0,10.0,10.0,100.0,10.0,0.25,20160104002432,
186,-1,-1,-1,-1,-1,-1,-1,-1,-1,-1,-1,-1,1,-1,-1,-1,1,-1,-1,-1,-1,2,23,358,53,83,1.0,1.0,1.0,1,1,18413215,2.0,2.0,5671843,47.670987024427255,,-122.37514055469671,90,14,31,65,10.0,10.0,9.0,10.0,10.0,95.0,10.0,3.31,20160104002432,
187,-1,-1,-1,-1,-1,-1,-1,-1,-1,-1,-1,-1,1,-1,-1,-1,1,-1,-1,-1,-1,3,8,258,14,38,1.0,1.0,1.0,1,2,4678869,1.0,1.0,904057,47.66539135407782,,-122.36609876373974,60,3,125,95,10.0,10.0,10.0,10.0,10.0,97.0,10.0,3.57,20160104002432,
188,-1,-1,-1,-1,-1,-1,-1,-1,-1,-1,-1,-1,-1,-1,-1,-1,1,-1,1,-1,-1,3,1,309,4,34,1.0,1.0,2.0,1,2,21015753,2.0,2.0,7161725,47.67342403072462,,-122.37423278945565,10,2,7,110,9.0,10.0,10.0,10.0,10.0,97.0,10.0,1.24,20160104002432,
189,-1,-1,-1,-1,-1,-1,-1,-1,-1,-1,-1,-1,1,-1,-1,-1,1,-1,-1,-1,-1,3,28,361,56,86,1.0,1.0,2.0,1,1,26498368,1.0,1.0,9587410,47.67155243448253,,-122.36763330550473,1125,1,2,50,10.0,10.0,10.0,10.0,10.0,100.0,10.0,2.0,20160104002432,
190,-1,1,-1,-1,-1,-1,-1,-1,-1,-1,-1,-1,-1,-1,-1,-1,1,-1,-1,-1,-1,4,24,358,54,84,1.0,1.0,1.0,1,2,2067157,1.0,1.0,9202380,47.66338811065872,,-122.36137836276785,1125,1,0,95,,,,,,,,,20160104002432,
191,-1,-1,-1,-1,-1,-1,-1,-1,-1,-1,-1,-1,1,-1,-1,-1,1,-1,-1,-1,-1,2,1,206,1,1,1.0,1.0,1.0,1,1,7727480,1.0,1.0,2238105,47.663364978177384,,-122.36246852511681,15,4,62,100,10.0,10.0,10.0,10.0,10.0,97.0,9.0,2.7,20160104002432,
192,-1,-1,-1,-1,-1,-1,-1,-1,-1,-1,-1,-1,1,-1,-1,-1,1,-1,-1,-1,-1,2,30,365,60,90,1.0,1.0,2.0,1,1,12851001,1.0,1.0,9545766,47.670761346005534,,-122.37109503400879,1125,1,0,89,,,,,,,,,20160104002432,
193,-1,-1,-1,-1,-1,-1,-1,-1,-1,-1,-1,-1,1,-1,-1,-1,1,-1,-1,-1,-1,5,23,289,50,58,1.0,1.0,3.0,1,4,12483454,1.0,1.0,2441908,47.6759157416881,,-122.37047360265642,1125,2,74,116,10.0,10.0,10.0,10.0,10.0,98.0,10.0,3.3,20160104002432,
194,-1,-1,-1,-1,-1,-1,-1,-1,-1,-1,-1,-1,1,-1,-1,-1,1,-1,-1,-1,-1,4,3,300,7,31,1.0,1.0,2.0,1,2,48604323,2.0,2.0,9367465,47.66365131127364,,-122.36208177882679,1125,2,1,150,10.0,10.0,10.0,10.0,10.0,100.0,10.0,0.86,20160104002432,
195,-1,-1,-1,-1,-1,-1,-1,-1,-1,-1,-1,-1,1,-1,-1,-1,1,-1,-1,-1,-1,8,10,21,20,20,2.0,3.0,3.0,8,8,5325329,9.0,9.0,3031415,47.66525243324793,,-122.36192069117308,1125,1,107,275,10.0,10.0,9.0,10.0,10.0,95.0,9.0,5.63,20160104002432,
196,-1,-1,-1,-1,-1,-1,-1,-1,-1,-1,-1,-1,1,-1,-1,-1,1,-1,-1,-1,-1,6,0,5,0,5,2.0,3.0,3.0,2,1,4405122,2.0,2.0,843812,47.671334420188046,,-122.3657976203187,21,3,10,180,10.0,10.0,10.0,10.0,9.0,96.0,10.0,0.29,20160104002432,1.0
197,-1,-1,-1,-1,-1,-1,-1,-1,-1,-1,-1,-1,1,-1,-1,-1,1,-1,-1,-1,-1,2,24,353,51,81,1.0,1.0,1.0,1,1,19756727,1.0,1.0,3835995,47.67307821308785,,-122.36414012428024,1125,1,155,97,10.0,10.0,10.0,10.0,10.0,96.0,10.0,9.14,20160104002432,
198,-1,-1,-1,-1,-1,-1,-1,-1,-1,-1,-1,-1,-1,-1,-1,-1,1,-1,1,-1,-1,5,0,308,3,33,3.0,2.0,2.0,1,4,19984963,1.0,1.0,9732638,47.66678534880826,,-122.36675142388303,1125,2,0,200,,,,,,,,,20160104002432,
199,-1,-1,-1,-1,-1,-1,-1,-1,-1,-1,-1,-1,1,-1,-1,-1,1,-1,-1,-1,-1,2,30,361,60,90,1.0,1.0,1.0,1,1,19311504,1.0,1.0,3768745,47.631843037300854,,-122.34512350364072,28,2,15,120,10.0,10.0,10.0,10.0,10.0,100.0,10.0,2.27,20160104002432,
200,-1,1,-1,-1,-1,-1,-1,-1,-1,-1,-1,-1,-1,-1,-1,-1,1,-1,-1,-1,-1,2,30,89,60,89,1.0,1.0,1.0,1,2,6307839,1.0,1.0,3975434,47.62812030680687,,-122.34875209868713,1125,2,17,109,10.0,10.0,10.0,10.0,10.0,96.0,9.0,1.04,20160104002432,
201,-1,1,-1,-1,-1,-1,-1,-1,-1,-1,-1,-1,-1,-1,-1,-1,1,-1,-1,-1,-1,2,30,365,60,90,1.0,1.0,1.0,1,1,15543526,1.0,1.0,5620928,47.64359973376293,,-122.34462988872022,1125,2,13,115,9.0,10.0,9.0,10.0,9.0,92.0,9.0,1.86,20160104002432,
202,-1,1,-1,-1,-1,-1,-1,-1,-1,-1,-1,-1,-1,-1,-1,-1,1,-1,-1,-1,-1,2,8,102,8,8,1.0,1.0,1.0,1,2,38669130,1.0,1.0,7381677,47.628894791967326,,-122.34757144638263,1125,2,13,199,10.0,10.0,10.0,10.0,10.0,97.0,10.0,2.52,20160104002432,
203,-1,1,-1,-1,-1,-1,-1,-1,-1,-1,-1,-1,-1,-1,-1,-1,1,-1,-1,-1,-1,2,30,287,60,90,1.0,1.0,1.0,1,1,13546801,2.0,2.0,5487934,47.63899882105632,,-122.34357393149686,1125,1,2,150,10.0,10.0,10.0,10.0,10.0,100.0,10.0,0.26,20160104002432,
204,-1,1,-1,-1,-1,-1,-1,-1,-1,-1,-1,-1,-1,-1,-1,-1,1,-1,-1,-1,-1,2,30,365,60,90,1.0,1.0,1.0,1,1,2704826,1.0,1.0,9028447,47.6395008262331,,-122.34330388773458,1125,1,1,100,,,,,,,,1.0,20160104002432,
205,-1,-1,-1,-1,-1,-1,-1,-1,-1,-1,-1,-1,1,-1,-1,-1,1,-1,-1,-1,-1,6,8,303,30,53,2.5,3.0,4.0,1,1,3991908,1.0,1.0,757840,47.63152635962671,,-122.35628277607007,14,2,98,250,10.0,10.0,10.0,10.0,10.0,98.0,10.0,2.56,20160104002432,1800.0
206,-1,1,-1,-1,-1,-1,-1,-1,-1,-1,-1,-1,-1,-1,-1,1,-1,-1,-1,-1,-1,2,30,365,60,90,1.0,1.0,1.0,2,1,46243391,2.0,2.0,8848403,47.64017716917174,,-122.3465226351422,1125,1,2,39,10.0,10.0,10.0,10.0,9.0,100.0,10.0,2.0,20160104002432,
207,-1,1,-1,-1,-1,-1,-1,-1,-1,-1,-1,-1,-1,-1,-1,-1,1,-1,-1,-1,-1,4,14,311,32,58,1.0,1.0,1.0,1,3,32052651,1.0,1.0,7430926,47.64290503084548,,-122.34670499078108,13,2,28,69,10.0,9.0,9.0,10.0,9.0,90.0,9.0,5.92,20160104002432,
208,-1,1,-1,-1,-1,-1,-1,-1,-1,-1,-1,-1,-1,-1,-1,-1,1,-1,-1,-1,-1,4,0,112,0,23,1.0,1.0,2.0,5,4,31366898,6.0,6.0,7021544,47.64075557421937,,-122.34287656419664,1125,2,17,145,10.0,10.0,9.0,10.0,9.0,91.0,9.0,3.15,20160104002432,
209,-1,1,-1,-1,-1,-1,-1,-1,-1,-1,-1,-1,-1,-1,-1,-1,1,-1,-1,-1,-1,5,2,326,25,51,1.0,1.0,4.0,1,2,7053059,1.0,1.0,1323446,47.635444558821725,,-122.35551660487094,99,1,139,98,10.0,10.0,10.0,9.0,10.0,97.0,10.0,4.59,20160104002432,
210,-1,1,-1,-1,-1,-1,-1,-1,-1,-1,-1,-1,-1,-1,-1,-1,1,-1,-1,-1,-1,4,0,2,0,0,1.0,1.0,1.0,1,1,20338511,1.0,1.0,3925573,47.64269717164262,,-122.3436911432716,1125,2,5,130,10.0,10.0,10.0,10.0,10.0,100.0,9.0,0.32,20160104002432,
211,-1,1,-1,-1,-1,-1,-1,-1,-1,-1,-1,-1,-1,-1,-1,-1,1,-1,-1,-1,-1,4,20,201,50,80,1.0,1.0,2.0,1,0,45781945,1.0,1.0,8723086,47.63892300956726,,-122.34282687028394,1125,1,15,85,10.0,10.0,9.0,10.0,9.0,96.0,10.0,5.0,20160104002432,
212,-1,-1,-1,1,-1,-1,-1,-1,-1,-1,-1,-1,-1,-1,-1,-1,1,-1,-1,-1,-1,1,30,89,60,89,1.0,1.0,1.0,2,1,4122018,3.0,3.0,781474,47.64291211246454,,-122.34468331995241,180,2,1,85,,10.0,10.0,10.0,8.0,90.0,10.0,0.03,20160104002432,300.0
213,-1,1,-1,-1,-1,-1,-1,-1,-1,-1,-1,-1,-1,-1,-1,-1,1,-1,-1,-1,-1,4,18,77,48,77,1.0,1.0,2.0,5,1,31366898,6.0,6.0,9812439,47.639345860060956,,-122.34313235161407,1125,2,0,73,,,,,,,,,20160104002432,
214,-1,1,-1,-1,-1,-1,-1,-1,-1,-1,-1,-1,-1,-1,-1,-1,1,-1,-1,-1,-1,4,0,20,0,20,1.0,1.0,2.0,1,4,106721,1.0,1.0,3401644,47.63507292926039,,-122.35459413199024,1125,1,5,150,10.0,9.0,9.0,10.0,10.0,88.0,10.0,0.31,20160104002432,
215,-1,1,-1,-1,-1,-1,-1,-1,-1,-1,-1,-1,-1,-1,-1,-1,1,-1,-1,-1,-1,3,23,111,53,83,1.0,1.0,1.0,1,1,51433714,1.0,1.0,10036903,47.62857355428276,,-122.35590915697244,1125,3,0,85,,,,,,,,,20160104002432,
216,-1,-1,-1,-1,-1,-1,-1,-1,-1,-1,-1,-1,1,-1,-1,-1,1,-1,-1,-1,-1,6,1,128,3,3,2.0,3.0,3.0,1,1,27508753,1.0,1.0,5310193,47.63793825819439,,-122.35072564856766,1125,1,3,190,9.0,10.0,9.0,9.0,10.0,93.0,10.0,0.6,20160104002432,
217,-1,1,-1,-1,-1,-1,-1,-1,-1,-1,-1,-1,-1,-1,-1,-1,1,-1,-1,-1,-1,2,4,320,34,52,1.0,1.0,1.0,1,1,11358129,1.0,1.0,5308875,47.62930930813364,,-122.34413623476452,15,2,17,68,10.0,10.0,10.0,10.0,10.0,94.0,9.0,2.88,20160104002432,
218,-1,1,-1,-1,-1,-1,-1,-1,-1,-1,-1,-1,-1,-1,-1,-1,1,-1,-1,-1,-1,2,14,157,37,53,1.5,1.0,1.0,1,2,26032511,2.0,2.0,5052459,47.63050640341463,,-122.34502206933223,1125,2,31,149,10.0,10.0,10.0,10.0,10.0,96.0,9.0,3.08,20160104002432,
219,-1,-1,-1,-1,-1,-1,-1,-1,-1,-1,-1,-1,1,-1,-1,-1,1,-1,-1,-1,-1,10,19,152,42,64,2.0,2.0,5.0,8,1,5325329,9.0,9.0,7228499,47.63021399726569,,-122.34761508910965,1125,1,34,349,9.0,10.0,9.0,10.0,10.0,92.0,9.0,7.18,20160104002432,
220,-1,1,-1,-1,-1,-1,-1,-1,-1,-1,-1,-1,-1,-1,-1,-1,1,-1,-1,-1,-1,2,1,131,1,1,1.0,1.0,1.0,2,1,9423731,2.0,2.0,7651653,47.62954816309299,,-122.3465965676034,1125,21,1,105,10.0,10.0,10.0,10.0,10.0,100.0,10.0,0.54,20160104002432,
221,-1,1,-1,-1,-1,-1,-1,-1,-1,-1,-1,-1,-1,-1,-1,-1,1,-1,-1,-1,-1,4,22,324,52,78,1.5,1.0,2.0,4,2,316200,4.0,4.0,1494986,47.63376670078833,,-122.34461541236195,1125,3,10,145,10.0,10.0,10.0,10.0,9.0,100.0,10.0,0.35,20160104002432,
222,-1,1,-1,-1,-1,-1,-1,-1,-1,-1,-1,-1,-1,-1,-1,-1,1,-1,-1,-1,-1,2,17,352,47,77,1.0,1.0,1.0,1,1,9361239,1.0,1.0,1783382,47.6344416386719,,-122.343784147235,6,2,15,150,10.0,10.0,9.0,10.0,9.0,98.0,9.0,0.61,20160104002432,
223,-1,-1,-1,-1,-1,-1,-1,-1,1,-1,-1,-1,-1,-1,-1,-1,1,-1,-1,-1,-1,4,0,139,0,0,2.0,2.0,1.0,1,3,12456569,1.0,1.0,7513198,47.63211912885084,,-122.34681925491051,1125,4,1,275,10.0,10.0,10.0,10.0,10.0,100.0,10.0,0.21,20160104002432,
224,-1,1,-1,-1,-1,-1,-1,-1,-1,-1,-1,-1,-1,-1,-1,-1,1,-1,-1,-1,-1,4,0,294,4,33,1.0,2.0,3.0,1,1,3792761,5.0,5.0,8308316,47.63043465175436,,-122.35017116506448,1125,2,7,165,10.0,10.0,10.0,10.0,10.0,97.0,10.0,1.98,20160104002432,
225,-1,-1,-1,-1,-1,-1,-1,-1,-1,-1,-1,-1,1,-1,-1,-1,1,-1,-1,-1,-1,5,5,47,20,44,2.0,3.0,3.0,1,5,3787979,2.0,2.0,9694921,47.63840683612418,,-122.34407700488278,1125,2,1,196,10.0,10.0,10.0,10.0,10.0,100.0,10.0,1.0,20160104002432,
226,-1,1,-1,-1,-1,-1,-1,-1,-1,-1,-1,-1,-1,-1,-1,-1,1,-1,-1,-1,-1,4,30,365,60,90,1.0,1.0,2.0,1,1,2840320,1.0,1.0,2472850,47.629003872340526,,-122.34382334831317,14,2,28,195,9.0,9.0,8.0,9.0,9.0,82.0,8.0,1.41,20160104002432,
227,-1,1,-1,-1,-1,-1,-1,-1,-1,-1,-1,-1,-1,-1,-1,-1,1,-1,-1,-1,-1,4,30,89,60,89,2.0,2.0,2.0,1,2,13546801,2.0,2.0,5487522,47.63935866753714,,-122.34402874897694,1125,2,7,200,9.0,9.0,9.0,9.0,9.0,89.0,9.0,0.73,20160104002432,
228,-1,-1,-1,-1,-1,-1,-1,-1,-1,-1,-1,-1,1,-1,-1,-1,1,-1,-1,-1,-1,2,29,88,59,88,1.5,1.0,1.0,1,1,238431,1.0,1.0,4016650,47.640119720750725,,-122.34452981345041,7,2,36,90,10.0,10.0,10.0,10.0,9.0,97.0,10.0,3.48,20160104002432,
229,-1,1,-1,-1,-1,-1,-1,-1,-1,-1,-1,-1,-1,-1,-1,-1,1,-1,-1,-1,-1,4,27,362,57,87,1.0,1.0,1.0,1,1,21616710,1.0,1.0,10229434,47.638157777568814,,-122.34415740858152,1125,1,0,100,,,,,,,,,20160104002432,
230,-1,1,-1,-1,-1,-1,-1,-1,-1,-1,-1,-1,-1,-1,-1,-1,1,-1,-1,-1,-1,2,0,317,12,42,1.0,1.0,1.0,1,1,15893988,1.0,1.0,3479241,47.63987162110587,,-122.34183446186633,1125,2,16,125,10.0,9.0,9.0,10.0,10.0,92.0,9.0,0.92,20160104002432,
231,-1,-1,-1,-1,-1,-1,-1,-1,-1,-1,-1,-1,1,-1,-1,-1,1,-1,-1,-1,-1,8,19,301,19,26,1.5,3.0,5.0,31,1,430709,36.0,36.0,5848400,47.63214523371973,,-122.35064869111656,1125,3,4,250,9.0,10.0,10.0,10.0,10.0,90.0,9.0,0.5,20160104002432,
232,-1,-1,-1,-1,-1,-1,-1,-1,-1,-1,-1,-1,1,-1,-1,-1,1,-1,-1,-1,-1,2,24,359,54,84,1.5,1.0,1.0,1,1,21288637,1.0,1.0,6077760,47.634532624200055,,-122.34379009996228,1125,2,23,130,10.0,10.0,10.0,10.0,10.0,98.0,10.0,2.92,20160104002432,
233,-1,1,-1,-1,-1,-1,-1,-1,-1,-1,-1,-1,-1,-1,-1,-1,1,-1,-1,-1,-1,2,30,365,60,90,1.0,1.0,1.0,1,2,24038354,1.0,1.0,4642956,47.629947433277685,,-122.35138796733871,1125,3,1,209,10.0,10.0,10.0,10.0,10.0,100.0,8.0,0.1,20160104002432,
234,-1,1,-1,-1,-1,-1,-1,-1,-1,-1,-1,-1,-1,-1,-1,-1,1,-1,-1,-1,-1,4,1,336,31,61,1.0,1.0,2.0,1,2,6393323,1.0,1.0,1167507,47.6319214282471,,-122.34852025483623,1125,2,61,110,10.0,10.0,10.0,10.0,10.0,97.0,10.0,1.93,20160104002432,500.0
235,-1,1,-1,-1,-1,-1,-1,-1,-1,-1,-1,-1,-1,-1,-1,-1,1,-1,-1,-1,-1,4,25,84,55,84,1.0,1.0,2.0,5,0,31366898,6.0,6.0,6044106,47.64154276225782,,-122.34466124326784,1125,2,50,90,10.0,10.0,10.0,10.0,9.0,96.0,10.0,5.91,20160104002432,
236,-1,-1,-1,-1,-1,-1,-1,-1,-1,-1,-1,-1,1,-1,-1,-1,1,-1,-1,-1,-1,2,27,362,57,87,1.0,1.0,1.0,1,1,9435135,1.0,1.0,1799255,47.638129028014404,,-122.35237403416494,1125,2,55,90,10.0,10.0,9.0,10.0,10.0,97.0,10.0,2.29,20160104002432,
237,-1,1,-1,-1,-1,-1,-1,-1,-1,-1,-1,-1,-1,-1,-1,-1,1,-1,-1,-1,-1,2,13,348,43,73,1.0,1.0,1.0,2,2,3022709,2.0,2.0,8941768,47.63279987984936,,-122.34655790024463,1125,1,1,130,10.0,10.0,10.0,10.0,10.0,100.0,10.0,0.59,20160104002432,
238,-1,1,-1,-1,-1,-1,-1,-1,-1,-1,-1,-1,-1,-1,-1,-1,1,-1,-1,-1,-1,2,0,196,0,0,1.0,1.0,1.0,1,1,34363282,1.0,1.0,6569950,47.630826689711036,,-122.35622983326977,3,2,1,175,10.0,10.0,10.0,10.0,10.0,100.0,10.0,0.2,20160104002432,
239,-1,-1,-1,-1,-1,-1,-1,-1,-1,-1,-1,-1,1,-1,-1,-1,1,-1,-1,-1,-1,8,30,359,57,87,3.5,3.0,3.0,1,4,24633415,4.0,4.0,7733192,47.63275639899965,,-122.34698651876323,365,1,12,749,10.0,10.0,10.0,10.0,10.0,100.0,9.0,2.67,20160104002432,
240,-1,-1,-1,-1,-1,-1,-1,-1,1,-1,-1,-1,-1,-1,-1,-1,1,-1,-1,-1,-1,4,3,3,3,3,2.0,2.0,2.0,1,1,23551180,1.0,1.0,9215782,47.628464839124966,,-122.3465480894033,5,1,2,115,,,10.0,10.0,,100.0,,1.71,20160104002432,
241,-1,1,-1,-1,-1,-1,-1,-1,-1,-1,-1,-1,-1,-1,-1,-1,1,-1,-1,-1,-1,4,23,347,53,83,1.5,2.0,2.0,1,2,17039361,1.0,1.0,5175631,47.642369172573645,,-122.34408644762196,30,2,26,165,10.0,10.0,10.0,10.0,10.0,98.0,10.0,2.57,20160104002432,
242,-1,1,-1,-1,-1,-1,-1,-1,-1,-1,-1,-1,-1,-1,-1,-1,1,-1,-1,-1,-1,4,0,216,0,0,1.0,1.0,2.0,1,1,27215994,1.0,1.0,6315614,47.629387695545795,,-122.34592466867242,1125,1,0,109,,,,,,,,,20160104002432,
243,-1,1,-1,-1,-1,-1,-1,-1,-1,-1,-1,-1,-1,-1,-1,-1,1,-1,-1,-1,-1,2,0,43,0,0,1.0,0.0,1.0,1,1,47573170,1.0,1.0,9134193,47.636855033869885,,-122.35687346223659,1125,1,1,80,10.0,10.0,10.0,10.0,10.0,100.0,10.0,1.0,20160104002432,
244,-1,-1,-1,-1,-1,-1,-1,-1,-1,-1,-1,-1,1,-1,-1,-1,1,-1,-1,-1,-1,6,30,332,60,90,2.0,3.0,4.0,1,1,12693172,2.0,2.0,2481189,47.636302850564185,,-122.34782710866664,365,2,53,285,10.0,10.0,10.0,10.0,9.0,96.0,10.0,2.41,20160104002432,
245,-1,-1,-1,-1,-1,-1,-1,-1,-1,-1,-1,-1,1,-1,-1,-1,1,-1,-1,-1,-1,2,27,162,57,85,1.0,1.0,1.0,1,2,23822173,1.0,1.0,8535897,47.63321404453066,,-122.35493979697122,1125,1,13,80,10.0,10.0,10.0,10.0,10.0,100.0,10.0,3.82,20160104002432,
246,-1,-1,-1,-1,-1,-1,-1,-1,1,-1,-1,-1,-1,-1,-1,-1,1,-1,-1,-1,-1,1,30,365,60,90,1.0,1.0,1.0,1,1,2495385,1.0,1.0,9476826,47.629431104640894,,-122.3452937256388,1125,1,0,75,,,,,,,,,20160104002432,
247,-1,1,-1,-1,-1,-1,-1,-1,-1,-1,-1,-1,-1,-1,-1,-1,1,-1,-1,-1,-1,2,30,307,30,32,1.0,1.0,1.0,1,2,1917040,1.0,1.0,3144311,47.63770584557101,,-122.34398776349178,44,20,4,68,10.0,10.0,9.0,10.0,10.0,95.0,9.0,0.63,20160104002432,
248,-1,1,-1,-1,-1,-1,-1,-1,-1,-1,-1,-1,-1,-1,-1,-1,1,-1,-1,-1,-1,2,1,309,5,35,1.0,1.0,1.0,5,2,23792018,5.0,5.0,9370007,47.629171751559994,,-122.34747869430643,1125,2,0,85,,,,,,,,,20160104002432,
249,-1,1,-1,-1,-1,-1,-1,-1,-1,-1,-1,-1,-1,-1,-1,-1,1,-1,-1,-1,-1,4,8,57,28,57,1.0,1.0,2.0,2,1,33944952,2.0,2.0,6781308,47.64219185671586,,-122.34643033714576,1125,2,32,125,10.0,10.0,10.0,10.0,9.0,97.0,10.0,4.68,20160104002432,
250,-1,1,-1,-1,-1,-1,-1,-1,-1,-1,-1,-1,-1,-1,-1,-1,1,-1,-1,-1,-1,2,23,270,45,55,1.0,1.0,1.0,1,2,767899,1.0,1.0,160222,47.640346062206866,,-122.34208824893022,1125,2,53,110,9.0,10.0,9.0,10.0,10.0,93.0,9.0,0.98,20160104002432,
251,-1,-1,-1,-1,-1,-1,-1,-1,-1,-1,-1,-1,1,-1,-1,-1,1,-1,-1,-1,-1,7,30,365,60,90,4.0,3.0,3.0,1,1,919364,9.0,9.0,4250367,47.62905146544943,,-122.35098931248785,1125,3,8,600,10.0,10.0,10.0,10.0,10.0,100.0,10.0,0.53,20160104002432,
252,-1,1,-1,-1,-1,-1,-1,-1,-1,-1,-1,-1,-1,-1,-1,-1,1,-1,-1,-1,-1,4,29,360,59,85,2.0,2.0,2.0,2,2,6097842,2.0,2.0,8755479,47.629834373737204,,-122.34687216497706,1125,1,2,235,10.0,9.0,10.0,10.0,10.0,100.0,9.0,0.71,20160104002432,
253,-1,1,-1,-1,-1,-1,-1,-1,-1,-1,-1,-1,-1,-1,-1,-1,1,-1,-1,-1,-1,4,10,82,22,22,1.0,1.0,2.0,2,3,46243391,2.0,2.0,8829156,47.640515525797184,,-122.34450402727064,1125,1,7,75,10.0,10.0,10.0,10.0,10.0,100.0,10.0,2.66,20160104002432,
254,-1,1,-1,-1,-1,-1,-1,-1,-1,-1,-1,-1,-1,-1,-1,-1,1,-1,-1,-1,-1,2,30,365,60,90,1.0,1.0,1.0,2,1,6097842,2.0,2.0,5126077,47.630003973020365,,-122.34512025210606,1125,1,1,95,10.0,10.0,10.0,10.0,8.0,80.0,6.0,0.34,20160104002432,
255,-1,1,-1,-1,-1,-1,-1,-1,-1,-1,-1,-1,-1,-1,-1,-1,1,-1,-1,-1,-1,4,25,85,55,85,1.0,1.0,2.0,5,4,31366898,6.0,6.0,6108796,47.64103957706406,,-122.34440379321084,1125,2,49,103,10.0,10.0,10.0,10.0,9.0,95.0,9.0,5.81,20160104002432,
256,-1,1,-1,-1,-1,-1,-1,-1,-1,-1,-1,-1,-1,-1,-1,-1,1,-1,-1,-1,-1,2,3,93,33,63,1.0,1.0,1.0,1,2,106972,1.0,1.0,2692126,47.631112415772314,,-122.34396424619324,1125,3,59,120,10.0,10.0,10.0,10.0,9.0,98.0,10.0,3.45,20160104002432,
257,-1,-1,-1,-1,-1,-1,-1,-1,-1,-1,-1,-1,1,-1,-1,-1,1,-1,-1,-1,-1,2,3,124,3,3,1.0,1.0,1.0,1,1,5468952,1.0,1.0,6882211,47.64046803795414,,-122.35576374487083,1125,1,0,95,,,,,,,,,20160104002432,
258,-1,1,-1,-1,-1,-1,-1,-1,-1,-1,-1,-1,-1,-1,-1,-1,1,-1,-1,-1,-1,5,30,365,60,90,2.5,2.0,2.0,1,0,49560117,1.0,1.0,9573675,47.639538915584566,,-122.34484750829438,1125,1,0,143,,,,,,,,,20160104002432,
259,-1,1,-1,-1,-1,-1,-1,-1,-1,-1,-1,-1,-1,-1,-1,-1,1,-1,-1,-1,-1,2,30,365,60,90,1.0,1.0,1.0,1,2,15791829,1.0,1.0,3544953,47.64071111274443,,-122.3463179295815,7,2,18,99,10.0,10.0,10.0,10.0,10.0,97.0,10.0,1.02,20160104002432,
260,-1,-1,-1,-1,-1,-1,-1,-1,-1,-1,-1,-1,1,-1,-1,-1,1,-1,-1,-1,-1,2,21,156,46,67,1.0,1.0,1.0,1,1,10385963,1.0,1.0,2020505,47.641451971760034,,-122.3528848146092,10,3,63,142,10.0,10.0,10.0,10.0,10.0,99.0,10.0,2.76,20160104002432,
261,-1,1,-1,-1,-1,-1,-1,-1,-1,-1,-1,-1,-1,-1,-1,-1,1,-1,-1,-1,-1,2,30,179,60,90,1.0,1.0,2.0,1,2,17572659,1.0,1.0,5580457,47.643874827414564,,-122.34614433037541,15,2,16,150,10.0,9.0,10.0,10.0,9.0,93.0,9.0,1.7,20160104002432,
262,-1,-1,-1,-1,-1,-1,-1,-1,-1,-1,-1,-1,1,-1,-1,-1,1,-1,-1,-1,-1,6,3,5,3,3,2.0,3.0,3.0,1,1,1300775,1.0,1.0,1495271,47.63911467903458,,-122.3542986237147,1125,1,4,295,9.0,10.0,10.0,10.0,10.0,95.0,9.0,0.14,20160104002432,
263,-1,-1,-1,-1,-1,-1,-1,-1,-1,-1,-1,-1,1,-1,-1,-1,1,-1,-1,-1,-1,6,19,233,49,76,3.5,4.0,4.0,1,1,44510434,1.0,1.0,8455865,47.64032332485242,,-122.34938628124064,16,2,3,335,10.0,10.0,10.0,10.0,10.0,100.0,10.0,1.07,20160104002432,
264,-1,1,-1,-1,-1,-1,-1,-1,-1,-1,-1,-1,-1,-1,-1,-1,1,-1,-1,-1,-1,2,27,362,57,87,1.0,1.0,1.0,1,1,49371015,1.0,1.0,9679300,47.62963743240054,,-122.35616910345655,1125,1,0,60,,,,,,,,,20160104002432,
265,-1,-1,-1,-1,-1,-1,-1,-1,-1,-1,-1,-1,1,-1,-1,-1,1,-1,-1,-1,-1,6,0,234,0,0,1.5,3.0,3.0,1,4,31483782,1.0,1.0,6065566,47.63703758851673,,-122.35311103362456,14,4,2,250,10.0,10.0,9.0,10.0,10.0,100.0,10.0,0.37,20160104002432,
266,-1,-1,-1,-1,-1,-1,-1,-1,-1,-1,-1,-1,1,-1,-1,-1,1,-1,-1,-1,-1,8,25,360,55,85,3.0,4.0,5.0,1,8,24049136,1.0,1.0,4645208,47.63394911960187,,-122.34969113411306,1125,2,14,499,10.0,10.0,10.0,10.0,10.0,99.0,10.0,1.57,20160104002432,
267,-1,-1,-1,-1,-1,-1,-1,-1,-1,-1,-1,-1,1,-1,-1,-1,1,-1,-1,-1,-1,8,30,160,60,90,2.0,3.0,4.0,1,7,13566271,3.0,3.0,6115807,47.637867516806345,,-122.35306449740874,180,2,9,350,10.0,10.0,10.0,10.0,10.0,96.0,10.0,1.53,20160104002432,
268,-1,-1,-1,-1,1,-1,-1,-1,-1,-1,-1,-1,-1,-1,-1,-1,1,-1,-1,-1,-1,3,29,364,59,89,1.0,1.0,2.0,1,2,7376011,1.0,1.0,7091397,47.6373655271738,,-122.35234397791731,1125,3,11,156,10.0,10.0,10.0,10.0,10.0,98.0,10.0,1.98,20160104002432,
269,-1,1,-1,-1,-1,-1,-1,-1,-1,-1,-1,-1,-1,-1,-1,-1,1,-1,-1,-1,-1,4,29,159,59,89,1.0,2.0,3.0,1,4,13566271,3.0,3.0,6134153,47.63784753756462,,-122.35358689021069,180,2,11,200,9.0,10.0,9.0,10.0,10.0,91.0,9.0,1.67,20160104002432,
270,-1,1,-1,-1,-1,-1,-1,-1,-1,-1,-1,-1,-1,-1,-1,-1,1,-1,-1,-1,-1,4,30,365,60,90,2.0,2.0,2.0,1,3,19002091,1.0,1.0,7763878,47.63180065694061,,-122.35599765681252,9,2,1,180,10.0,10.0,10.0,10.0,10.0,100.0,10.0,0.24,20160104002432,
271,-1,1,-1,-1,-1,-1,-1,-1,-1,-1,-1,-1,-1,-1,-1,-1,1,-1,-1,-1,-1,3,0,93,0,0,1.0,1.0,1.0,1,1,5992456,1.0,1.0,8088447,47.63831371623401,,-122.34293120979893,1125,1,1,103,10.0,10.0,10.0,10.0,10.0,100.0,10.0,0.53,20160104002432,
272,-1,1,-1,-1,-1,-1,-1,-1,-1,-1,-1,-1,-1,-1,-1,-1,1,-1,-1,-1,-1,2,18,102,48,75,1.0,1.0,1.0,1,1,17234030,1.0,1.0,3418349,47.62833641098298,,-122.34633351817844,90,1,115,99,10.0,10.0,9.0,10.0,10.0,94.0,9.0,6.39,20160104002432,
273,-1,1,-1,-1,-1,-1,-1,-1,-1,-1,-1,-1,-1,-1,-1,-1,1,-1,-1,-1,-1,3,28,177,58,88,1.0,1.0,1.0,1,1,46019955,1.0,1.0,9199982,47.64007889186826,,-122.3452415261875,1125,2,6,94,9.0,9.0,9.0,10.0,8.0,87.0,9.0,4.19,20160104002432,
274,-1,1,-1,-1,-1,-1,-1,-1,-1,-1,-1,-1,-1,-1,-1,-1,1,-1,-1,-1,-1,4,25,155,55,85,1.0,1.0,1.0,1,0,13566271,3.0,3.0,6400000,47.638925421559,,-122.35628823238493,180,1,10,160,10.0,10.0,10.0,10.0,10.0,92.0,9.0,1.46,20160104002432,
275,-1,1,-1,-1,-1,-1,-1,-1,-1,-1,-1,-1,-1,-1,-1,-1,1,-1,-1,-1,-1,4,11,62,33,62,1.0,1.0,2.0,2,1,33944952,2.0,2.0,6776229,47.64001746321101,,-122.34512962576211,1125,2,21,129,10.0,10.0,10.0,10.0,9.0,96.0,10.0,4.88,20160104002432,
276,-1,-1,-1,-1,-1,-1,-1,-1,-1,-1,-1,-1,-1,1,-1,-1,1,-1,-1,-1,-1,4,30,68,52,68,1.0,1.0,2.0,1,2,39970532,1.0,1.0,7627794,47.638790428511285,,-122.3415790051676,1125,2,5,219,10.0,10.0,10.0,10.0,10.0,96.0,10.0,1.01,20160104002432,
277,-1,1,-1,-1,-1,-1,-1,-1,-1,-1,-1,-1,-1,-1,-1,-1,1,-1,-1,-1,-1,4,8,342,38,68,1.0,1.0,1.0,5,2,23792018,5.0,5.0,8374102,47.629195307100474,,-122.34803448837113,1125,2,5,91,9.0,10.0,9.0,10.0,9.0,92.0,9.0,1.42,20160104002432,
278,-1,1,-1,-1,-1,-1,-1,-1,-1,-1,-1,-1,-1,-1,-1,-1,1,-1,-1,-1,-1,4,0,44,15,44,1.0,1.0,2.0,5,4,31366898,6.0,6.0,6316934,47.63933710162693,,-122.34429137032255,1125,2,53,75,10.0,10.0,10.0,10.0,9.0,95.0,10.0,6.82,20160104002432,
279,-1,1,-1,-1,-1,-1,-1,-1,-1,-1,-1,-1,-1,-1,-1,-1,1,-1,-1,-1,-1,2,6,231,22,44,1.0,0.0,1.0,1,2,9533123,1.0,1.0,1820794,47.630332921317404,,-122.347626924165,1125,2,106,99,10.0,10.0,10.0,10.0,10.0,99.0,10.0,4.37,20160104002432,600.0
280,-1,-1,-1,-1,-1,-1,-1,-1,-1,-1,-1,-1,1,-1,-1,-1,1,-1,-1,-1,-1,5,2,132,32,62,1.5,3.0,3.0,3,5,1224813,4.0,4.0,314180,47.6538610120419,,-122.33849652099613,14,5,24,300,10.0,10.0,9.0,10.0,10.0,100.0,10.0,0.51,20160104002432,
281,-1,-1,-1,-1,-1,-1,-1,-1,-1,-1,-1,-1,1,-1,-1,-1,1,-1,-1,-1,-1,5,0,69,0,0,2.0,3.0,3.0,1,1,45544717,1.0,1.0,8670079,47.66772999173182,,-122.3268727001244,1125,1,0,150,,,,,,,,,20160104002432,
282,-1,1,-1,-1,-1,-1,-1,-1,-1,-1,-1,-1,-1,-1,-1,-1,1,-1,-1,-1,-1,6,29,364,59,89,1.0,2.0,3.0,7,1,1121532,8.0,8.0,4868135,47.66144065343325,,-122.3439529618668,1125,2,11,149,9.0,9.0,10.0,9.0,10.0,96.0,9.0,0.89,20160104002432,
283,-1,-1,-1,-1,-1,-1,-1,-1,-1,-1,-1,-1,-1,1,-1,-1,1,-1,-1,-1,-1,2,0,300,0,25,1.0,0.0,1.0,1,1,27656377,1.0,1.0,5336585,47.66166903317505,,-122.33374306236077,1125,1,1,75,,,,,,,,0.1,20160104002432,
284,-1,1,-1,-1,-1,-1,-1,-1,-1,-1,-1,-1,-1,-1,-1,-1,1,-1,-1,-1,-1,3,11,341,38,66,1.0,1.0,2.0,2,3,7675473,3.0,3.0,1427103,47.65317215961197,,-122.33729938930429,32,1,79,95,10.0,10.0,10.0,10.0,10.0,95.0,9.0,2.78,20160104002432,
285,-1,1,-1,-1,-1,-1,-1,-1,-1,-1,-1,-1,-1,-1,-1,-1,1,-1,-1,-1,-1,2,29,343,57,69,1.0,1.0,1.0,1,1,17717833,1.0,1.0,3518808,47.664586644814044,,-122.33305766786964,1125,2,52,100,10.0,10.0,10.0,10.0,10.0,97.0,10.0,3.18,20160104002432,
286,-1,-1,-1,-1,-1,-1,-1,-1,-1,-1,-1,-1,1,-1,-1,-1,1,-1,-1,-1,-1,6,0,46,0,0,2.0,3.0,2.0,1,1,964658,1.0,1.0,8995844,47.66407098417638,,-122.33537936202671,1125,4,1,250,10.0,10.0,10.0,10.0,10.0,100.0,10.0,0.81,20160104002432,
287,-1,-1,-1,-1,-1,-1,-1,-1,-1,-1,-1,-1,1,-1,-1,-1,1,-1,-1,-1,-1,2,18,347,42,72,2.0,1.0,1.0,3,1,1224813,4.0,4.0,356566,47.65389855732153,,-122.3380691939344,60,5,13,105,10.0,10.0,10.0,10.0,10.0,100.0,10.0,0.28,20160104002432,
288,-1,-1,-1,-1,-1,-1,-1,-1,-1,-1,-1,-1,1,-1,-1,-1,1,-1,-1,-1,-1,2,0,277,0,2,1.0,1.0,1.0,2,1,20567228,2.0,2.0,6466388,47.67094939067515,,-122.32474046736364,1125,1,20,74,8.0,9.0,9.0,9.0,10.0,87.0,8.0,2.86,20160104002432,
289,-1,-1,-1,-1,-1,-1,-1,-1,-1,-1,-1,-1,1,-1,-1,-1,1,-1,-1,-1,-1,2,20,342,50,80,1.0,1.0,1.0,1,1,7796684,3.0,3.0,4531944,47.66618273559462,,-122.33461063169432,1125,1,30,140,10.0,10.0,10.0,10.0,10.0,99.0,10.0,2.29,20160104002432,
290,-1,1,-1,-1,-1,-1,-1,-1,-1,-1,-1,-1,-1,-1,-1,-1,1,-1,-1,-1,-1,4,28,254,58,88,1.0,1.0,1.0,1,2,34994802,1.0,1.0,6686072,47.67150263280098,,-122.32789064019128,1125,3,14,130,9.0,10.0,10.0,10.0,10.0,97.0,9.0,2.3,20160104002432,
291,-1,1,-1,-1,-1,-1,-1,-1,-1,-1,-1,-1,-1,-1,-1,-1,1,-1,-1,-1,-1,2,2,337,32,62,1.0,1.0,1.0,1,1,2472278,1.0,1.0,4384343,47.66546743318308,,-122.32357372932863,20,2,27,110,10.0,10.0,10.0,10.0,10.0,96.0,10.0,1.88,20160104002432,
292,-1,-1,-1,-1,-1,-1,-1,-1,-1,-1,-1,-1,1,-1,-1,-1,1,-1,-1,-1,-1,8,26,359,56,86,2.0,4.0,4.0,2,4,6885026,5.0,5.0,7900056,47.666984901252974,,-122.3394021787658,30,2,5,199,10.0,9.0,8.0,8.0,9.0,84.0,9.0,1.42,20160104002432,
293,-1,-1,-1,-1,-1,-1,-1,-1,-1,-1,-1,-1,1,-1,-1,-1,1,-1,-1,-1,-1,6,0,262,0,0,1.5,2.0,3.0,2,1,22840181,2.0,2.0,6378563,47.653738052661026,,-122.33898023342284,120,3,5,209,10.0,10.0,10.0,10.0,10.0,96.0,10.0,0.67,20160104002432,
294,-1,-1,-1,-1,-1,-1,-1,-1,-1,-1,-1,-1,1,-1,-1,-1,1,-1,-1,-1,-1,4,24,157,38,68,1.0,0.0,2.0,1,2,29181914,1.0,1.0,5630783,47.668956790994216,,-122.33778254712877,28,2,28,100,10.0,10.0,10.0,10.0,10.0,97.0,10.0,2.92,20160104002432,
295,-1,1,-1,-1,-1,-1,-1,-1,-1,-1,-1,-1,-1,-1,-1,-1,1,-1,-1,-1,-1,4,12,153,15,30,1.0,1.0,1.0,1,2,1015653,1.0,1.0,340706,47.6558849376741,,-122.33213596885538,90,2,97,110,10.0,10.0,10.0,10.0,10.0,96.0,10.0,2.09,20160104002432,
296,-1,1,-1,-1,-1,-1,-1,-1,-1,-1,-1,-1,-1,-1,-1,-1,1,-1,-1,-1,-1,2,3,152,33,63,1.0,1.0,2.0,1,2,7556974,1.0,1.0,6202214,47.651636189367466,,-122.33862181944849,30,2,15,104,10.0,10.0,10.0,10.0,10.0,96.0,10.0,1.97,20160104002432,
297,-1,-1,-1,-1,-1,-1,-1,-1,-1,-1,-1,-1,1,-1,-1,-1,1,-1,-1,-1,-1,4,0,0,0,0,2.0,2.0,2.0,1,1,365852,1.0,1.0,1030411,47.665402031172135,,-122.33938691677307,14,3,3,200,10.0,9.0,10.0,10.0,10.0,100.0,10.0,0.16,20160104002432,2100.0
298,-1,-1,-1,-1,-1,-1,-1,-1,-1,-1,-1,-1,1,-1,-1,-1,1,-1,-1,-1,-1,4,30,179,60,90,1.0,0.0,2.0,1,2,23986021,1.0,1.0,7922373,47.65361625263687,,-122.33255974968444,30,2,1,99,10.0,10.0,10.0,10.0,10.0,100.0,10.0,0.81,20160104002432,
299,-1,-1,-1,-1,-1,-1,-1,-1,-1,-1,-1,-1,1,-1,-1,-1,1,-1,-1,-1,-1,2,27,362,57,87,1.0,1.0,1.0,2,1,17935405,2.0,2.0,6156470,47.66474421816979,,-122.33817376864796,14,1,43,90,10.0,10.0,10.0,10.0,10.0,97.0,10.0,5.71,20160104002432,
300,-1,1,-1,-1,-1,-1,-1,-1,-1,-1,-1,-1,-1,-1,-1,-1,1,-1,-1,-1,-1,6,30,344,60,90,1.0,2.0,3.0,1,2,7319622,1.0,1.0,2994309,47.6658556433007,,-122.32269067037302,1125,3,71,135,10.0,10.0,10.0,10.0,9.0,97.0,10.0,3.6,20160104002432,
301,-1,-1,-1,-1,-1,-1,-1,-1,-1,-1,-1,-1,1,-1,-1,-1,1,-1,-1,-1,-1,6,27,84,54,54,1.0,2.0,3.0,2,4,1850689,2.0,2.0,1594328,47.6563551517377,,-122.33810372251085,1125,2,9,122,10.0,10.0,10.0,10.0,10.0,96.0,10.0,0.32,20160104002432,
302,-1,1,-1,-1,-1,-1,-1,-1,-1,-1,-1,-1,-1,-1,-1,-1,1,-1,-1,-1,-1,2,9,130,26,26,1.0,0.0,1.0,1,1,11238188,1.0,1.0,8072920,47.66014668205187,,-122.34153026794368,10,5,3,80,10.0,10.0,10.0,10.0,10.0,93.0,10.0,0.87,20160104002432,
303,-1,-1,-1,-1,-1,-1,-1,-1,-1,-1,-1,-1,1,-1,-1,-1,1,-1,-1,-1,-1,4,0,304,27,35,1.0,2.0,2.0,2,2,6885026,5.0,5.0,6915487,47.66692014601529,,-122.33879416148388,30,2,1,158,6.0,4.0,10.0,6.0,10.0,80.0,8.0,0.25,20160104002432,
304,-1,1,-1,-1,-1,-1,-1,-1,-1,-1,-1,-1,-1,-1,-1,-1,1,-1,-1,-1,-1,4,30,365,60,90,1.0,1.0,1.0,1,2,14898710,1.0,1.0,6202603,47.651586175741045,,-122.33990270624649,1125,1,11,90,9.0,10.0,9.0,10.0,10.0,92.0,9.0,1.39,20160104002432,
305,-1,1,-1,-1,-1,-1,-1,-1,-1,-1,-1,-1,-1,-1,-1,-1,1,-1,-1,-1,-1,3,27,86,57,86,1.0,1.0,2.0,1,1,9838821,1.0,1.0,5286781,47.65595529400546,,-122.33215539804294,8,1,1,100,10.0,10.0,10.0,10.0,10.0,100.0,10.0,0.53,20160104002432,
306,-1,-1,-1,-1,-1,-1,-1,-1,-1,-1,-1,-1,1,-1,-1,-1,1,-1,-1,-1,-1,4,30,365,60,90,1.0,1.0,2.0,1,2,14417667,1.0,1.0,2818420,47.659911781579,,-122.33768605553892,1125,2,4,89,10.0,10.0,10.0,10.0,10.0,95.0,10.0,0.23,20160104002432,
307,-1,-1,-1,-1,-1,-1,-1,-1,-1,-1,-1,-1,1,-1,-1,-1,1,-1,-1,-1,-1,4,0,275,0,0,1.0,2.0,2.0,1,4,832888,2.0,2.0,3739681,47.66103159060855,,-122.33516407166194,1125,3,12,125,10.0,10.0,9.0,10.0,10.0,93.0,9.0,0.69,20160104002432,
308,1,1,-1,-1,-1,-1,-1,-1,-1,-1,-1,-1,-1,-1,-1,-1,-1,-1,-1,-1,-1,2,30,89,60,89,1.0,1.0,1.0,2,1,35246915,2.0,2.0,7922063,47.668363121514425,,-122.33888694146142,1125,1,1,42,10.0,10.0,10.0,10.0,10.0,100.0,10.0,0.22,20160104002432,
309,-1,-1,-1,-1,-1,-1,-1,-1,-1,-1,-1,-1,1,-1,-1,-1,1,-1,-1,-1,-1,2,0,216,0,0,1.0,1.0,1.0,1,1,3032548,1.0,1.0,611509,47.66369538720739,,-122.3362251809907,90,2,61,65,10.0,10.0,9.0,10.0,10.0,97.0,10.0,1.49,20160104002432,
310,-1,-1,-1,-1,-1,-1,-1,-1,-1,-1,-1,-1,1,-1,-1,-1,1,-1,-1,-1,-1,4,20,343,42,72,1.0,1.0,2.0,1,2,9450725,1.0,1.0,1802663,47.656119060780576,,-122.33903153017856,35,2,49,100,10.0,10.0,10.0,10.0,10.0,94.0,9.0,1.83,20160104002432,
311,-1,-1,-1,-1,-1,-1,-1,-1,-1,-1,-1,-1,1,-1,-1,-1,1,-1,-1,-1,-1,1,0,310,5,35,1.0,1.0,1.0,1,1,6645401,1.0,1.0,9797545,47.66128294771275,,-122.3268359580298,90,7,0,40,,,,,,,,,20160104002432,
312,-1,-1,-1,-1,-1,-1,-1,-1,-1,-1,-1,-1,1,-1,-1,-1,1,-1,-1,-1,-1,6,0,35,0,0,1.0,3.0,3.0,1,4,832888,2.0,2.0,9241055,47.66107312509288,,-122.33349810116549,1125,4,0,185,,,,,,,,,20160104002432,
313,-1,1,-1,-1,-1,-1,-1,-1,-1,-1,-1,-1,-1,-1,-1,-1,1,-1,-1,-1,-1,2,26,351,46,76,1.0,1.0,2.0,1,1,23827582,1.0,1.0,9294832,47.6698022429967,,-122.33853950847008,1125,2,4,40,10.0,10.0,10.0,10.0,10.0,95.0,10.0,3.16,20160104002432,
314,-1,1,-1,-1,-1,-1,-1,-1,-1,-1,-1,-1,-1,-1,-1,-1,1,-1,-1,-1,-1,2,30,365,60,90,1.5,1.0,1.0,1,1,45437387,1.0,1.0,8643209,47.655896649702704,,-122.32653464093585,1125,1,4,70,10.0,10.0,10.0,10.0,10.0,100.0,10.0,1.35,20160104002432,
315,-1,-1,-1,-1,-1,-1,-1,-1,-1,-1,-1,-1,1,-1,-1,-1,1,-1,-1,-1,-1,1,30,365,60,90,1.0,1.0,1.0,37,1,1243056,37.0,37.0,7258811,47.65085837675028,,-122.33133778707744,1125,4,0,40,,,,,,,,,20160104002432,
316,-1,1,-1,-1,-1,-1,-1,-1,-1,-1,-1,-1,-1,-1,-1,-1,1,-1,-1,-1,-1,2,27,362,57,87,1.0,1.0,1.0,1,1,10607280,1.0,1.0,10265391,47.66150338637424,,-122.33425704669044,1125,1,0,70,,,,,,,,,20160104002432,
317,-1,1,-1,-1,-1,-1,-1,-1,-1,-1,-1,-1,-1,-1,-1,-1,1,-1,-1,-1,-1,4,30,365,60,90,1.0,1.0,1.0,1,1,378445,1.0,1.0,132120,47.66922780939365,,-122.3351737225184,30,2,35,110,10.0,10.0,9.0,10.0,10.0,94.0,10.0,0.63,20160104002432,
318,-1,1,-1,-1,-1,-1,-1,-1,-1,-1,-1,-1,-1,-1,-1,-1,1,-1,-1,-1,-1,4,29,363,59,89,1.0,2.0,3.0,1,1,33039203,1.0,1.0,6343866,47.66414745432069,,-122.33424953721756,1125,2,10,99,10.0,10.0,10.0,10.0,10.0,96.0,9.0,1.46,20160104002432,
319,-1,-1,-1,1,-1,-1,-1,-1,-1,-1,-1,-1,-1,-1,-1,-1,1,-1,-1,-1,-1,6,0,331,26,56,3.0,3.0,3.0,1,6,15606907,1.0,1.0,3066740,47.64857217450707,,-122.34075910815413,1125,1,6,680,10.0,10.0,10.0,10.0,10.0,100.0,9.0,0.89,20160104002432,
320,-1,-1,-1,-1,-1,-1,-1,-1,-1,-1,-1,-1,1,-1,-1,-1,1,-1,-1,-1,-1,6,0,170,0,0,1.5,3.0,4.0,3,5,1414691,3.0,3.0,4130112,47.65707097851384,,-122.32388010549494,90,5,2,195,10.0,10.0,8.0,10.0,8.0,100.0,10.0,0.13,20160104002432,
321,-1,-1,-1,-1,-1,-1,-1,-1,-1,-1,-1,-1,1,-1,-1,-1,1,-1,-1,-1,-1,2,30,365,60,90,2.0,1.0,1.0,3,1,10061445,3.0,3.0,4026757,47.667350936119,,-122.33992279997871,365,1,86,55,10.0,10.0,10.0,10.0,10.0,97.0,10.0,5.38,20160104002432,
322,-1,1,-1,-1,-1,-1,-1,-1,-1,-1,-1,1,-1,-1,-1,-1,-1,-1,-1,-1,-1,2,0,20,0,0,1.0,1.0,1.0,1,1,49432912,1.0,1.0,9545281,47.66243175651926,,-122.34679235101969,1125,1,0,90,,,,,,,,,20160104002432,
323,-1,1,-1,-1,-1,-1,-1,-1,-1,-1,-1,-1,-1,-1,-1,-1,1,-1,-1,-1,-1,4,18,353,48,78,1.0,1.0,1.0,2,2,3267988,2.0,2.0,3294804,47.6508909185423,,-122.3335344192157,90,2,17,119,9.0,10.0,10.0,10.0,10.0,92.0,9.0,0.9,20160104002432,
324,-1,-1,-1,-1,-1,-1,-1,-1,-1,-1,-1,-1,1,-1,-1,-1,1,-1,-1,-1,-1,5,0,0,0,0,2.0,3.0,3.0,1,5,17961308,1.0,1.0,4122325,47.67206214825999,,-122.324928263551,14,2,26,175,10.0,10.0,10.0,10.0,10.0,99.0,10.0,1.79,20160104002432,
325,-1,-1,-1,-1,-1,-1,-1,-1,-1,-1,-1,-1,1,-1,-1,-1,1,-1,-1,-1,-1,2,23,61,43,61,1.0,1.0,1.0,1,1,5098788,1.0,1.0,8308353,47.65215975992442,,-122.33943011802263,1125,1,7,65,10.0,10.0,10.0,10.0,10.0,100.0,10.0,1.86,20160104002432,
326,-1,1,-1,-1,-1,-1,-1,-1,-1,-1,-1,1,-1,-1,-1,-1,-1,-1,-1,-1,-1,2,25,360,55,85,1.0,1.0,1.0,1,1,32154881,1.0,1.0,7226013,47.66228939790632,,-122.34609005160765,1125,1,11,75,10.0,10.0,9.0,10.0,9.0,93.0,9.0,1.85,20160104002432,
327,-1,-1,-1,-1,-1,-1,-1,-1,-1,-1,-1,-1,1,-1,-1,-1,1,-1,-1,-1,-1,4,30,364,60,90,1.0,2.0,2.0,2,2,6885026,5.0,5.0,5761290,47.666689390851396,,-122.33927120405663,30,2,12,126,10.0,9.0,10.0,10.0,9.0,95.0,10.0,1.82,20160104002432,
328,-1,-1,-1,-1,-1,-1,-1,-1,-1,-1,-1,-1,1,-1,-1,-1,1,-1,-1,-1,-1,2,0,63,9,23,1.0,1.0,1.0,1,1,181621,1.0,1.0,182716,47.666671103588904,,-122.33260174961887,30,2,63,70,10.0,10.0,10.0,10.0,10.0,99.0,10.0,1.17,20160104002432,
329,-1,1,-1,-1,-1,-1,-1,-1,-1,-1,-1,-1,-1,-1,-1,-1,1,-1,-1,-1,-1,2,0,262,0,0,1.0,1.0,1.0,1,2,11236752,1.0,1.0,3050140,47.670659216384145,,-122.33596188370134,365,2,54,90,10.0,10.0,10.0,10.0,10.0,100.0,10.0,2.75,20160104002432,
330,-1,1,-1,-1,-1,-1,-1,-1,-1,-1,-1,-1,-1,-1,-1,-1,1,-1,-1,-1,-1,2,30,365,60,90,1.0,1.0,1.0,1,1,6680836,1.0,1.0,3254956,47.65430640018783,,-122.33022622207292,1125,1,28,129,9.0,10.0,9.0,9.0,10.0,87.0,9.0,1.53,20160104002432,
331,-1,-1,-1,-1,-1,-1,-1,-1,-1,-1,-1,-1,1,-1,-1,-1,1,-1,-1,-1,-1,12,25,293,55,85,2.0,5.0,6.0,1,4,6883532,1.0,1.0,1264287,47.6594004145935,,-122.32450712276415,1125,3,29,225,9.0,10.0,9.0,9.0,9.0,92.0,9.0,0.94,20160104002432,
332,-1,-1,-1,-1,-1,-1,-1,-1,-1,-1,-1,-1,1,-1,-1,-1,1,-1,-1,-1,-1,1,29,364,59,89,1.0,1.0,1.0,37,1,1243056,37.0,37.0,3404557,47.64970820103404,,-122.33101527388115,1125,4,6,40,9.0,10.0,9.0,10.0,10.0,93.0,9.0,0.33,20160104002432,
333,-1,-1,-1,-1,-1,-1,-1,-1,-1,-1,-1,-1,1,-1,-1,-1,1,-1,-1,-1,-1,1,29,364,59,89,1.0,1.0,1.0,37,2,1243056,37.0,37.0,3939683,47.65093383474979,,-122.33132580833849,1125,5,1,50,8.0,8.0,8.0,8.0,8.0,100.0,10.0,0.28,20160104002432,
334,-1,-1,-1,-1,-1,-1,-1,-1,-1,-1,-1,-1,1,-1,-1,-1,1,-1,-1,-1,-1,1,30,365,60,90,1.0,1.0,1.0,37,1,1243056,37.0,37.0,3424242,47.650972509616594,,-122.33088417302577,1125,4,7,40,9.0,9.0,7.0,10.0,10.0,94.0,10.0,0.39,20160104002432,
335,-1,-1,-1,-1,-1,-1,-1,-1,-1,-1,-1,-1,1,-1,-1,-1,1,-1,-1,-1,-1,1,30,365,60,90,1.0,1.0,1.0,37,1,1243056,37.0,37.0,7985714,47.650023867153294,,-122.33280306183387,1125,5,1,40,8.0,10.0,6.0,8.0,10.0,80.0,10.0,0.29,20160104002432,
336,-1,1,-1,-1,-1,-1,-1,-1,-1,-1,-1,-1,-1,-1,-1,-1,1,-1,-1,-1,-1,4,13,111,27,47,1.0,2.0,2.0,1,2,4873557,1.0,1.0,4279876,47.661822796186364,,-122.32930066581251,29,2,64,95,10.0,10.0,10.0,10.0,10.0,97.0,10.0,4.31,20160104002432,
337,-1,1,-1,-1,-1,-1,-1,-1,-1,-1,-1,-1,-1,-1,-1,-1,1,-1,-1,-1,-1,6,0,178,0,0,1.0,2.0,4.0,1,1,16533140,1.0,1.0,3870253,47.66140493966286,,-122.34547217395571,1125,2,39,175,10.0,10.0,10.0,10.0,9.0,97.0,10.0,2.38,20160104002432,
338,-1,-1,-1,-1,-1,-1,-1,-1,-1,-1,-1,-1,1,-1,-1,-1,1,-1,-1,-1,-1,6,30,365,60,90,1.0,2.0,4.0,1,2,6668610,1.0,1.0,2187563,47.65736191503488,,-122.32762492574577,1125,2,37,160,10.0,10.0,10.0,10.0,10.0,93.0,9.0,1.89,20160104002432,
339,-1,-1,-1,-1,-1,-1,-1,-1,-1,-1,-1,-1,1,-1,-1,-1,1,-1,-1,-1,-1,1,30,365,60,90,1.0,1.0,1.0,37,1,1243056,37.0,37.0,3889299,47.64985411901644,,-122.3306847925706,1125,4,2,40,8.0,10.0,8.0,10.0,10.0,90.0,10.0,0.47,20160104002432,
340,-1,-1,-1,-1,-1,-1,-1,-1,-1,-1,-1,-1,1,-1,-1,-1,1,-1,-1,-1,-1,1,29,364,59,89,1.0,1.0,1.0,37,1,1243056,37.0,37.0,3889330,47.6512939217661,,-122.33103178451677,1125,4,0,40,,,,,,,,,20160104002432,
341,-1,1,-1,-1,-1,-1,-1,-1,-1,-1,-1,-1,-1,-1,-1,-1,1,-1,-1,-1,-1,2,26,361,56,86,1.0,1.0,1.0,1,1,6458694,1.0,1.0,1184846,47.64983061112128,,-122.334331356761,1125,3,32,120,10.0,10.0,10.0,10.0,10.0,96.0,9.0,1.07,20160104002432,
342,-1,-1,-1,-1,-1,-1,-1,-1,-1,-1,-1,-1,1,-1,-1,-1,1,-1,-1,-1,-1,4,0,270,3,19,1.0,1.0,2.0,1,2,5656763,1.0,1.0,3626162,47.65945121010363,,-122.32913667001743,1125,2,33,66,10.0,10.0,10.0,10.0,10.0,96.0,10.0,1.99,20160104002432,
343,-1,-1,-1,-1,-1,-1,-1,-1,-1,-1,-1,-1,1,-1,-1,-1,1,-1,-1,-1,-1,2,23,347,50,72,1.0,1.0,1.0,2,1,798892,2.0,2.0,456040,47.6694790578945,,-122.32944149387279,31,1,207,55,10.0,10.0,10.0,10.0,10.0,96.0,10.0,4.68,20160104002432,
344,-1,-1,-1,-1,-1,-1,-1,-1,-1,-1,-1,-1,1,-1,-1,-1,1,-1,-1,-1,-1,7,0,48,0,0,3.0,4.0,5.0,1,1,47151070,1.0,1.0,9033154,47.66097944489599,,-122.33348297952595,1125,4,0,350,,,,,,,,,20160104002432,
345,-1,-1,-1,-1,-1,-1,-1,-1,-1,-1,-1,-1,1,-1,-1,-1,1,-1,-1,-1,-1,2,22,357,52,82,1.0,0.0,1.0,1,1,11600938,1.0,1.0,4340838,47.66846777167292,,-122.3266958030204,1125,1,37,85,10.0,10.0,10.0,10.0,10.0,98.0,10.0,3.01,20160104002432,
346,-1,-1,-1,-1,-1,-1,-1,-1,-1,-1,-1,-1,1,-1,-1,-1,1,-1,-1,-1,-1,6,30,365,60,90,1.0,2.0,3.0,1,2,4255498,2.0,2.0,808811,47.665213571557,,-122.3367529584816,1125,2,45,175,9.0,10.0,8.0,10.0,10.0,90.0,9.0,1.58,20160104002432,1000.0
347,-1,1,-1,-1,-1,-1,-1,-1,-1,-1,-1,-1,-1,-1,-1,-1,1,-1,-1,-1,-1,2,0,146,0,0,1.0,1.0,1.0,1,1,38607259,1.0,1.0,7368030,47.66116477884383,,-122.33684627403572,1125,5,1,105,10.0,10.0,10.0,10.0,10.0,80.0,10.0,0.2,20160104002432,
348,-1,-1,-1,-1,-1,-1,-1,-1,-1,-1,-1,-1,1,-1,-1,-1,1,-1,-1,-1,-1,3,30,86,57,86,1.0,1.0,3.0,2,1,2569008,2.0,2.0,522287,47.65098656428653,,-122.34170482145844,30,1,203,55,9.0,10.0,10.0,10.0,10.0,95.0,9.0,4.7,20160104002432,
349,-1,-1,-1,-1,-1,-1,-1,-1,-1,-1,-1,-1,1,-1,-1,-1,1,-1,-1,-1,-1,5,8,169,8,15,1.0,2.0,2.0,2,6,7675473,3.0,3.0,1940787,47.65512858293506,,-122.33528820422293,1125,1,6,150,10.0,10.0,10.0,10.0,9.0,97.0,9.0,0.35,20160104002432,
350,-1,-1,-1,-1,-1,-1,-1,-1,-1,-1,-1,-1,1,-1,-1,-1,1,-1,-1,-1,-1,1,30,365,60,90,1.0,1.0,1.0,37,1,1243056,37.0,37.0,3732103,47.65021118760789,,-122.33203477903959,1125,4,6,40,9.0,9.0,8.0,10.0,9.0,93.0,10.0,0.35,20160104002432,
351,-1,-1,-1,-1,-1,-1,-1,-1,-1,-1,-1,-1,1,-1,-1,-1,1,-1,-1,-1,-1,2,17,338,43,63,2.0,1.0,2.0,1,1,189356,1.0,1.0,43373,47.65055155589547,,-122.33058866246641,730,2,182,59,9.0,10.0,9.0,10.0,10.0,93.0,9.0,2.77,20160104002432,
352,-1,-1,-1,-1,-1,-1,-1,-1,-1,-1,-1,-1,1,-1,-1,-1,1,-1,-1,-1,-1,2,30,365,60,90,1.0,1.0,1.0,2,1,1717300,2.0,2.0,5126365,47.66286984193,,-122.3248900919911,1125,1,3,80,8.0,7.0,7.0,8.0,9.0,73.0,7.0,0.3,20160104002432,
353,-1,-1,-1,-1,-1,-1,-1,-1,-1,-1,-1,-1,1,-1,-1,-1,1,-1,-1,-1,-1,5,0,251,0,0,1.0,2.0,3.0,1,4,1107424,1.0,1.0,7182584,47.66659624093497,,-122.33791231361248,1125,1,3,200,9.0,10.0,9.0,9.0,9.0,80.0,7.0,0.99,20160104002432,
354,-1,-1,-1,-1,-1,-1,-1,-1,-1,-1,-1,-1,1,-1,-1,-1,1,-1,-1,-1,-1,3,24,356,54,81,1.0,0.0,1.0,1,1,4255498,2.0,2.0,5325214,47.663301286140545,,-122.34345865259763,500,1,14,60,9.0,10.0,9.0,9.0,10.0,91.0,10.0,1.32,20160104002432,
355,-1,-1,-1,-1,-1,-1,-1,-1,-1,-1,-1,-1,1,-1,-1,-1,1,-1,-1,-1,-1,2,26,85,56,85,1.0,1.0,1.0,2,1,10392662,2.0,2.0,2710274,47.65809327062868,,-122.33171648220491,1125,2,86,59,9.0,10.0,9.0,10.0,10.0,93.0,9.0,4.06,20160104002432,
356,-1,-1,-1,-1,-1,-1,-1,-1,-1,-1,-1,-1,1,-1,-1,-1,1,-1,-1,-1,-1,8,0,140,0,0,3.0,4.0,5.0,1,0,26509491,1.0,1.0,5128160,47.65767236290754,,-122.32584829272088,31,4,5,575,10.0,10.0,10.0,10.0,9.0,100.0,10.0,0.79,20160104002432,
357,-1,-1,-1,-1,-1,-1,-1,-1,-1,-1,-1,-1,1,-1,-1,-1,1,-1,-1,-1,-1,1,29,364,59,89,1.0,1.0,1.0,37,1,1243056,37.0,37.0,3424114,47.65020660581188,,-122.33110427222451,1125,4,4,40,10.0,9.0,9.0,10.0,9.0,93.0,10.0,0.23,20160104002432,
358,-1,-1,-1,-1,-1,-1,-1,-1,-1,-1,-1,-1,1,-1,-1,-1,1,-1,-1,-1,-1,2,0,146,27,57,1.0,1.0,1.0,1,1,6719697,1.0,1.0,2776890,47.64952915650776,,-122.33217737474173,10,2,21,139,10.0,9.0,9.0,10.0,10.0,92.0,9.0,1.29,20160104002432,
359,-1,1,-1,-1,-1,-1,-1,-1,-1,-1,-1,-1,-1,-1,-1,-1,1,-1,-1,-1,-1,4,30,361,60,90,1.0,1.0,2.0,2,1,22840181,2.0,2.0,4521755,47.653720002257224,,-122.33838833446578,1125,2,12,70,10.0,10.0,10.0,10.0,10.0,95.0,9.0,1.41,20160104002432,
360,-1,1,-1,-1,-1,-1,-1,-1,-1,-1,-1,-1,-1,-1,-1,-1,1,-1,-1,-1,-1,4,18,353,48,78,1.0,1.0,1.0,2,2,3267988,2.0,2.0,3456599,47.650596355889924,,-122.33403785270657,90,2,35,85,10.0,10.0,10.0,10.0,10.0,94.0,9.0,2.05,20160104002432,
361,-1,1,-1,-1,-1,-1,-1,-1,-1,-1,-1,-1,-1,-1,-1,-1,1,-1,-1,-1,-1,4,30,365,60,90,1.0,2.0,2.0,8,1,31148752,354.0,354.0,8207848,47.65787895565664,,-122.34179972269035,1125,3,1,259,,,,,,,,0.27,20160104002432,
362,1,1,-1,-1,-1,-1,-1,-1,-1,-1,-1,-1,-1,-1,-1,-1,-1,-1,-1,-1,-1,3,7,7,7,7,1.0,1.0,1.0,1,1,46619432,1.0,1.0,10249527,47.661893831846726,,-122.32374943731676,1125,1,0,39,,,,,,,,,20160104002432,
363,-1,-1,-1,-1,-1,-1,-1,-1,-1,-1,-1,-1,1,-1,-1,-1,1,-1,-1,-1,-1,2,20,336,31,61,1.5,1.0,1.0,1,2,2931003,1.0,1.0,1252740,47.662667842218774,,-122.3450441116537,14,2,66,70,10.0,10.0,9.0,10.0,10.0,97.0,10.0,2.25,20160104002432,
364,-1,-1,-1,-1,-1,-1,-1,-1,-1,-1,-1,-1,1,-1,-1,-1,1,-1,-1,-1,-1,6,30,361,60,90,1.0,2.0,4.0,31,1,430709,36.0,36.0,4250938,47.6699022378915,,-122.32404868714585,1125,3,2,166,10.0,10.0,9.0,10.0,9.0,90.0,8.0,0.2,20160104002432,
365,-1,-1,-1,-1,-1,-1,-1,-1,-1,-1,-1,-1,1,-1,-1,-1,1,-1,-1,-1,-1,4,17,348,43,73,1.0,1.0,2.0,1,2,2327457,1.0,1.0,3791920,47.66400538383212,,-122.32833656106241,1125,2,70,99,10.0,10.0,10.0,10.0,10.0,97.0,10.0,4.23,20160104002432,
366,-1,1,-1,-1,-1,-1,-1,-1,-1,-1,-1,-1,-1,-1,-1,-1,1,-1,-1,-1,-1,2,30,365,60,90,1.0,1.0,1.0,1,1,22102774,1.0,1.0,4258762,47.65934280176168,,-122.33193947567312,1125,2,25,110,10.0,10.0,9.0,10.0,10.0,92.0,9.0,1.73,20160104002432,
367,-1,1,-1,-1,-1,-1,-1,-1,-1,-1,-1,-1,-1,-1,-1,-1,1,-1,-1,-1,-1,4,6,337,32,62,1.0,1.0,2.0,1,2,2393756,1.0,1.0,7364146,47.662630628787824,,-122.3461181734977,1125,1,6,100,10.0,10.0,10.0,10.0,9.0,97.0,10.0,1.51,20160104002432,
368,-1,-1,-1,-1,-1,-1,-1,-1,-1,-1,-1,-1,1,-1,-1,-1,1,-1,-1,-1,-1,7,0,0,0,0,1.0,3.0,4.0,1,1,3097100,1.0,1.0,6765045,47.6551029666014,,-122.33604357704405,1125,2,5,250,8.0,9.0,8.0,9.0,9.0,88.0,8.0,0.88,20160104002432,
369,-1,-1,-1,-1,-1,-1,-1,-1,-1,-1,-1,-1,1,-1,-1,-1,1,-1,-1,-1,-1,4,0,277,0,2,1.0,1.0,2.0,2,1,3979528,5.0,5.0,3193738,47.647345097223294,,-122.33348616103396,1125,7,2,150,9.0,7.0,8.0,9.0,10.0,90.0,10.0,0.13,20160104002432,
370,-1,-1,-1,-1,-1,-1,-1,-1,-1,-1,-1,-1,1,-1,-1,-1,1,-1,-1,-1,-1,5,30,360,60,87,1.0,1.0,2.0,1,1,24046804,1.0,1.0,8765219,47.66214454021592,,-122.32401692473348,1125,2,2,200,10.0,10.0,10.0,10.0,10.0,100.0,10.0,0.98,20160104002432,
371,-1,1,-1,-1,-1,-1,-1,-1,-1,-1,-1,-1,-1,-1,-1,-1,1,-1,-1,-1,-1,2,2,337,32,62,1.0,1.0,1.0,3,2,1224813,4.0,4.0,8174285,47.653210087388594,,-122.3399708450672,60,5,1,95,8.0,10.0,8.0,10.0,10.0,80.0,8.0,0.41,20160104002432,
372,-1,-1,-1,-1,-1,-1,-1,-1,-1,-1,-1,-1,1,-1,-1,-1,1,-1,-1,-1,-1,1,29,364,59,89,1.0,1.0,1.0,37,1,1243056,37.0,37.0,3403638,47.6509424526273,,-122.33258893048547,1125,4,6,40,7.0,9.0,8.0,9.0,9.0,84.0,8.0,0.35,20160104002432,
373,-1,-1,-1,-1,-1,-1,-1,-1,-1,-1,-1,-1,1,-1,-1,-1,1,-1,-1,-1,-1,4,0,121,0,0,1.0,2.0,2.0,1,1,7229462,1.0,1.0,7601333,47.6535538226472,,-122.32896848495692,31,2,5,215,10.0,10.0,9.0,10.0,10.0,92.0,9.0,1.06,20160104002432,
374,-1,1,-1,-1,-1,-1,-1,-1,-1,-1,-1,-1,-1,-1,-1,-1,1,-1,-1,-1,-1,2,0,267,0,0,1.0,1.0,1.0,1,1,1782420,1.0,1.0,6707735,47.66436892647994,,-122.33063560194849,1125,1,46,110,10.0,10.0,10.0,10.0,10.0,97.0,9.0,6.57,20160104002432,
375,-1,-1,-1,-1,-1,-1,-1,-1,-1,-1,-1,-1,1,-1,-1,-1,1,-1,-1,-1,-1,5,30,89,60,89,1.0,3.0,3.0,1,1,38360428,1.0,1.0,7322718,47.67025275466829,,-122.3288855590358,1125,4,1,249,10.0,10.0,10.0,10.0,10.0,80.0,10.0,0.19,20160104002432,
376,-1,-1,-1,-1,-1,-1,-1,-1,-1,-1,-1,-1,1,-1,-1,-1,1,-1,-1,-1,-1,8,0,0,0,0,2.0,3.0,3.0,1,8,19412970,1.0,1.0,3783162,47.660318451987216,,-122.33190515117819,1125,1,41,295,10.0,10.0,10.0,10.0,10.0,97.0,10.0,2.41,20160104002432,
377,-1,1,-1,-1,-1,-1,-1,-1,-1,-1,-1,-1,-1,-1,-1,-1,1,-1,-1,-1,-1,2,30,365,60,90,1.0,1.0,1.0,1,2,14942,3.0,3.0,6606,47.654108606947204,,-122.33760528816453,1125,2,52,90,9.0,10.0,9.0,9.0,10.0,93.0,9.0,0.66,20160104002432,
378,-1,-1,-1,-1,-1,-1,-1,-1,-1,-1,-1,-1,1,-1,-1,-1,1,-1,-1,-1,-1,1,30,365,60,90,1.0,1.0,1.0,37,1,1243056,37.0,37.0,3889280,47.64996079853613,,-122.33270150932087,1125,4,0,40,,,,,,,,,20160104002432,
379,-1,1,-1,-1,-1,-1,-1,-1,-1,-1,-1,-1,-1,-1,-1,-1,1,-1,-1,-1,-1,2,29,364,59,89,1.0,0.0,1.0,1,0,20580823,1.0,1.0,3971137,47.65769988179397,,-122.33415131299296,30,2,5,85,10.0,10.0,10.0,10.0,10.0,88.0,9.0,0.37,20160104002432,
380,-1,-1,-1,-1,-1,-1,-1,-1,-1,-1,-1,-1,1,-1,-1,-1,1,-1,-1,-1,-1,1,29,364,59,89,1.0,1.0,1.0,37,1,1243056,37.0,37.0,3889050,47.651581662709255,,-122.33079667212385,1125,4,3,40,7.0,9.0,6.0,10.0,9.0,80.0,8.0,0.18,20160104002432,
381,-1,-1,-1,-1,-1,-1,-1,-1,-1,-1,-1,-1,1,-1,-1,1,-1,-1,-1,-1,-1,2,0,212,0,0,1.5,1.0,1.0,2,1,4129144,2.0,2.0,799882,47.67084570118031,,-122.33746656281208,1125,1,32,40,9.0,10.0,9.0,10.0,10.0,96.0,10.0,0.85,20160104002432,2000.0
382,-1,-1,-1,-1,-1,-1,-1,-1,-1,-1,-1,-1,1,-1,-1,-1,1,-1,-1,-1,-1,8,26,354,56,86,2.0,4.0,4.0,1,4,184382,1.0,1.0,9508386,47.66809218842,,-122.3367732835758,1125,2,1,245,10.0,10.0,10.0,10.0,10.0,100.0,10.0,1.0,20160104002432,
383,-1,1,-1,-1,-1,-1,-1,-1,-1,-1,-1,-1,-1,-1,-1,-1,1,-1,-1,-1,-1,2,0,186,0,0,1.0,1.0,1.0,1,1,35150457,1.0,1.0,6714817,47.664320192586864,,-122.32917532528678,22,5,2,130,9.0,10.0,10.0,10.0,8.0,90.0,9.0,0.31,20160104002432,
384,-1,-1,-1,-1,-1,-1,-1,-1,-1,-1,-1,-1,1,-1,-1,-1,1,-1,-1,-1,-1,4,0,0,0,0,1.5,3.0,2.0,1,1,1821227,1.0,1.0,3773700,47.66291652478461,,-122.32672333140722,1125,1,6,210,10.0,10.0,9.0,10.0,10.0,93.0,9.0,0.36,20160104002432,
385,-1,-1,-1,-1,-1,-1,-1,-1,-1,-1,-1,-1,1,-1,-1,-1,1,-1,-1,-1,-1,6,30,365,60,90,2.5,2.0,3.0,1,4,18888563,1.0,1.0,3773568,47.67081358173346,,-122.32748553967812,1125,2,11,439,9.0,10.0,9.0,10.0,10.0,91.0,9.0,0.68,20160104002432,
386,-1,-1,-1,-1,-1,-1,-1,-1,-1,-1,-1,-1,1,-1,-1,-1,1,-1,-1,-1,-1,1,25,85,55,55,1.0,1.0,1.0,2,1,1850689,2.0,2.0,9313974,47.65491444978424,,-122.33807522559131,1125,1,0,90,,,,,,,,,20160104002432,
387,-1,1,-1,-1,-1,-1,-1,-1,-1,-1,-1,-1,-1,-1,-1,-1,1,-1,-1,-1,-1,3,0,275,20,43,1.0,1.0,1.0,1,2,5040298,1.0,1.0,6492880,47.671642095178754,,-122.32527677521459,15,2,13,95,10.0,9.0,10.0,9.0,10.0,90.0,10.0,1.79,20160104002432,
388,-1,1,-1,-1,-1,-1,-1,-1,-1,-1,-1,-1,-1,-1,-1,-1,1,-1,-1,-1,-1,4,18,116,35,58,1.0,2.0,3.0,1,2,6120181,1.0,1.0,4879013,47.66982240890338,,-122.32696044584804,1125,2,36,109,10.0,10.0,10.0,10.0,10.0,99.0,10.0,2.88,20160104002432,
389,-1,-1,-1,-1,-1,-1,-1,-1,-1,-1,-1,-1,1,-1,-1,-1,1,-1,-1,-1,-1,1,30,365,60,90,1.0,1.0,1.0,37,1,1243056,37.0,37.0,3732094,47.65084965555605,,-122.33291072019222,1125,4,5,40,8.0,9.0,7.0,9.0,9.0,88.0,9.0,0.3,20160104002432,
390,-1,-1,-1,-1,-1,-1,-1,-1,-1,-1,-1,-1,1,-1,-1,-1,1,-1,-1,-1,-1,4,14,21,21,21,1.0,2.0,1.0,1,4,765012,1.0,1.0,873073,47.655431346485976,,-122.33342234576538,28,3,4,175,10.0,10.0,10.0,10.0,10.0,95.0,10.0,0.43,20160104002432,1600.0
391,-1,-1,-1,-1,-1,-1,-1,-1,-1,-1,-1,-1,1,-1,-1,-1,1,-1,-1,-1,-1,3,3,66,3,3,1.0,1.0,2.0,1,2,1230087,2.0,2.0,234898,47.66230982225841,,-122.3268488016782,365,4,69,80,10.0,10.0,10.0,10.0,10.0,96.0,10.0,1.38,20160104002432,
392,-1,1,-1,-1,-1,-1,-1,-1,-1,-1,-1,-1,-1,-1,-1,-1,1,-1,-1,-1,-1,2,29,364,59,89,1.0,1.0,1.0,1,1,42146727,1.0,1.0,8533375,47.66332376042779,,-122.32575641729169,1125,2,3,105,10.0,10.0,10.0,10.0,10.0,100.0,10.0,1.15,20160104002432,
393,-1,-1,-1,-1,-1,-1,-1,-1,-1,-1,-1,-1,1,-1,-1,-1,1,-1,-1,-1,-1,8,0,176,0,0,3.5,3.0,3.0,1,6,7980977,2.0,2.0,6854019,47.66580250357935,,-122.33876739833978,1125,1,0,400,,,,,,,,,20160104002432,
394,-1,1,-1,-1,-1,-1,-1,-1,-1,-1,-1,-1,-1,-1,-1,-1,1,-1,-1,-1,-1,4,5,235,27,36,1.0,2.0,3.0,1,3,44340751,1.0,1.0,8418650,47.65254158522796,,-122.33876859641786,1125,2,12,100,10.0,10.0,10.0,10.0,10.0,98.0,10.0,4.56,20160104002432,
395,-1,-1,-1,-1,-1,-1,-1,-1,-1,-1,-1,-1,1,-1,-1,-1,1,-1,-1,-1,-1,1,29,364,59,89,1.0,1.0,1.0,37,1,1243056,37.0,37.0,3732076,47.649898063458174,,-122.33125621917529,1125,4,7,40,9.0,10.0,8.0,9.0,9.0,94.0,10.0,0.41,20160104002432,
396,-1,-1,-1,-1,-1,-1,-1,-1,-1,-1,-1,-1,1,-1,-1,-1,1,-1,-1,-1,-1,6,30,343,60,90,1.0,2.0,4.0,1,4,23880457,1.0,1.0,4608592,47.65899259228358,,-122.32466335427704,30,2,30,160,10.0,10.0,10.0,10.0,10.0,98.0,10.0,2.45,20160104002432,
397,-1,-1,-1,-1,-1,-1,-1,-1,-1,-1,-1,-1,1,-1,-1,-1,1,-1,-1,-1,-1,2,30,363,59,88,1.0,1.0,1.0,2,1,798892,2.0,2.0,4862719,47.6680060912153,,-122.3293890374673,1125,1,64,55,10.0,10.0,10.0,10.0,10.0,94.0,10.0,5.27,20160104002432,
398,-1,-1,-1,-1,-1,-1,-1,-1,-1,-1,-1,-1,1,-1,-1,-1,1,-1,-1,-1,-1,3,1,33,4,33,1.0,1.0,2.0,2,1,946910,2.0,2.0,668169,47.66642488215521,,-122.33490521305129,30,3,16,55,9.0,10.0,9.0,10.0,10.0,93.0,10.0,0.39,20160104002432,
399,-1,-1,-1,-1,-1,-1,-1,-1,-1,-1,-1,-1,1,-1,-1,-1,1,-1,-1,-1,-1,2,2,337,32,62,2.5,1.0,1.0,3,1,1224813,4.0,4.0,429453,47.651663203374824,,-122.33968504915391,60,5,14,150,10.0,10.0,10.0,10.0,10.0,100.0,10.0,0.31,20160104002432,
400,-1,-1,-1,-1,-1,-1,-1,-1,-1,-1,-1,-1,1,-1,-1,-1,1,-1,-1,-1,-1,2,28,339,51,81,1.0,1.0,2.0,1,1,39455401,1.0,1.0,10124808,47.65349107957978,,-122.34095341331717,1125,1,0,55,,,,,,,,,20160104002432,
401,-1,-1,-1,-1,-1,-1,-1,-1,-1,-1,-1,-1,1,-1,-1,-1,1,-1,-1,-1,-1,6,9,313,19,49,1.0,2.0,2.0,1,2,15938400,2.0,2.0,7459684,47.6570827282358,,-122.32655113710163,1125,1,17,95,10.0,10.0,10.0,10.0,9.0,93.0,9.0,3.98,20160104002432,
402,-1,-1,-1,-1,-1,-1,-1,-1,-1,-1,-1,-1,1,-1,-1,-1,1,-1,-1,-1,-1,4,10,334,30,60,1.0,2.0,2.0,1,4,24563934,7.0,7.0,5992645,47.670963846668435,,-122.32886331069498,1125,3,1,155,10.0,10.0,8.0,10.0,10.0,80.0,8.0,0.23,20160104002432,
403,-1,-1,-1,-1,-1,-1,-1,-1,-1,-1,-1,-1,1,-1,-1,-1,1,-1,-1,-1,-1,2,0,191,0,0,1.0,1.0,1.0,1,1,2020017,1.0,1.0,7917718,47.66191805778083,,-122.3249911936322,1125,1,17,55,10.0,10.0,10.0,10.0,10.0,99.0,10.0,3.72,20160104002432,
404,-1,-1,-1,-1,-1,-1,-1,-1,-1,-1,-1,-1,1,-1,-1,-1,1,-1,-1,-1,-1,1,29,364,59,89,1.0,1.0,1.0,37,1,1243056,37.0,37.0,2986056,47.65099402041229,,-122.33234504670516,1125,4,4,40,10.0,10.0,9.0,10.0,8.0,95.0,10.0,0.28,20160104002432,
405,-1,-1,-1,-1,-1,-1,-1,-1,-1,-1,-1,-1,1,-1,-1,-1,1,-1,-1,-1,-1,7,5,154,5,12,2.0,3.0,5.0,2,7,7675473,3.0,3.0,2011193,47.65612701676518,,-122.33530288727115,28,2,4,250,10.0,10.0,9.0,10.0,10.0,93.0,9.0,0.24,20160104002432,
406,-1,-1,-1,-1,-1,-1,-1,-1,-1,-1,-1,-1,1,-1,-1,-1,1,-1,-1,-1,-1,2,28,363,58,88,1.0,0.0,1.0,1,2,19310498,1.0,1.0,3768626,47.66752607642939,,-122.32891105159128,1125,1,44,145,10.0,10.0,10.0,10.0,10.0,96.0,9.0,2.57,20160104002432,
407,-1,-1,-1,-1,-1,-1,-1,-1,-1,-1,-1,-1,1,-1,-1,-1,1,-1,-1,-1,-1,2,26,85,56,85,1.0,1.0,1.0,2,1,10392662,2.0,2.0,2026794,47.659297242445156,,-122.3330959836512,1125,1,100,54,9.0,10.0,9.0,10.0,10.0,91.0,9.0,4.18,20160104002432,
408,-1,-1,-1,-1,-1,-1,-1,-1,-1,-1,-1,-1,1,-1,-1,-1,1,-1,-1,-1,-1,4,25,351,50,80,1.0,1.0,1.0,1,1,34665595,1.0,1.0,9154294,47.6525762621653,,-122.32873603122351,1125,2,3,99,10.0,10.0,10.0,10.0,9.0,100.0,10.0,1.76,20160104002432,
409,-1,-1,-1,-1,-1,-1,-1,-1,-1,-1,-1,-1,1,-1,-1,-1,1,-1,-1,-1,-1,8,24,359,54,84,3.0,3.0,3.0,4,7,165390,5.0,5.0,430610,47.654101565865275,,-122.33851094420065,1125,1,70,254,10.0,10.0,10.0,10.0,10.0,97.0,9.0,1.69,20160104002432,
410,-1,-1,-1,-1,-1,-1,-1,-1,-1,-1,-1,-1,-1,1,-1,-1,1,-1,-1,-1,-1,3,23,328,44,66,1.0,0.0,2.0,1,1,2744697,1.0,1.0,3231850,47.670488222178975,,-122.32260006958822,14,2,84,100,10.0,10.0,10.0,10.0,10.0,97.0,10.0,4.52,20160104002432,
411,-1,-1,-1,-1,-1,-1,-1,-1,-1,-1,-1,-1,1,-1,-1,-1,1,-1,-1,-1,-1,2,23,333,53,80,1.0,1.0,1.0,1,2,2066223,1.0,1.0,2976798,47.65668734140474,,-122.32656987944428,1125,2,36,65,10.0,10.0,10.0,10.0,10.0,99.0,10.0,3.07,20160104002432,
412,-1,-1,-1,-1,-1,-1,-1,-1,-1,-1,-1,-1,1,-1,-1,-1,1,-1,-1,-1,-1,4,10,193,27,27,1.0,2.0,2.0,1,2,1611114,1.0,1.0,703058,47.65243415609309,,-122.3378533128977,27,2,86,150,10.0,10.0,10.0,10.0,10.0,99.0,10.0,2.16,20160104002432,1200.0
413,-1,1,-1,-1,-1,-1,-1,-1,-1,-1,-1,-1,-1,-1,-1,-1,1,-1,-1,-1,-1,2,0,119,0,0,1.0,1.0,1.0,2,2,41209589,2.0,2.0,7826541,47.64826946132916,,-122.33703239045413,1125,1,1,140,10.0,10.0,10.0,10.0,10.0,100.0,10.0,0.23,20160104002432,
414,-1,-1,-1,-1,-1,-1,-1,-1,-1,-1,-1,-1,1,-1,-1,-1,1,-1,-1,-1,-1,3,0,308,3,33,1.0,1.0,2.0,2,1,946910,2.0,2.0,240920,47.66817599754457,,-122.3373707889293,31,3,15,45,10.0,10.0,9.0,10.0,10.0,97.0,10.0,0.36,20160104002432,
415,-1,-1,-1,-1,-1,-1,-1,-1,-1,-1,-1,-1,1,-1,-1,-1,1,-1,-1,-1,-1,3,0,121,0,0,1.0,1.0,2.0,2,1,20567228,2.0,2.0,6655233,47.670267202096966,,-122.32537254083479,1125,1,18,74,9.0,10.0,9.0,9.0,9.0,89.0,9.0,2.57,20160104002432,
416,-1,1,-1,-1,-1,-1,-1,-1,-1,-1,-1,-1,-1,-1,-1,-1,1,-1,-1,-1,-1,2,29,57,56,56,1.0,1.0,2.0,1,2,22969709,1.0,1.0,9866461,47.661905511972996,,-122.323971662859,4,1,1,60,10.0,10.0,8.0,10.0,10.0,80.0,10.0,1.0,20160104002432,
417,-1,-1,-1,-1,-1,-1,-1,-1,-1,-1,-1,-1,1,-1,-1,-1,1,-1,-1,-1,-1,5,0,102,0,0,2.5,2.0,3.0,1,1,11904909,1.0,1.0,7957729,47.662221658802395,,-122.32358714068235,1125,3,0,350,,,,,,,,,20160104002432,
418,-1,1,-1,-1,-1,-1,-1,-1,-1,-1,-1,-1,-1,-1,-1,-1,1,-1,-1,-1,-1,4,27,355,50,80,1.0,1.0,1.0,1,2,7290828,1.0,1.0,1428687,47.66632646722553,,-122.33374126317669,1125,2,32,135,10.0,10.0,10.0,10.0,10.0,99.0,10.0,1.12,20160104002432,
419,-1,1,-1,-1,-1,-1,-1,-1,-1,-1,-1,-1,-1,-1,-1,-1,1,-1,-1,-1,-1,2,3,338,33,63,1.0,1.0,1.0,1,2,24745881,1.0,1.0,4803403,47.661980737630365,,-122.34609578500073,1125,2,10,85,10.0,10.0,9.0,10.0,10.0,100.0,10.0,0.89,20160104002432,
420,-1,-1,-1,-1,-1,-1,-1,-1,-1,-1,-1,-1,1,-1,-1,-1,1,-1,-1,-1,-1,8,30,365,60,90,2.0,3.0,3.0,1,4,14942,3.0,3.0,11012,47.654476789922704,,-122.33646426288395,90,3,47,310,10.0,9.0,9.0,9.0,10.0,95.0,9.0,0.65,20160104002432,
421,-1,-1,-1,-1,-1,-1,-1,-1,-1,-1,-1,-1,1,-1,-1,-1,1,-1,-1,-1,-1,1,29,364,59,89,1.0,1.0,1.0,37,1,1243056,37.0,37.0,3888924,47.651275734162645,,-122.33279650289032,1125,4,3,40,8.0,9.0,7.0,10.0,9.0,87.0,8.0,0.36,20160104002432,
422,-1,-1,-1,-1,-1,-1,-1,-1,-1,-1,-1,-1,1,-1,-1,-1,1,-1,-1,-1,-1,5,30,365,60,90,1.0,2.0,2.0,1,5,46308811,1.0,1.0,8842808,47.664227111589696,,-122.339049250111,1125,2,0,215,,,,,,,,,20160104002432,
423,1,-1,-1,-1,-1,-1,-1,-1,-1,-1,-1,-1,1,-1,-1,-1,-1,-1,-1,-1,-1,8,20,355,50,80,2.5,3.0,3.0,4,6,165390,5.0,5.0,1114695,47.66121706051919,,-122.33942421330588,1125,1,38,245,10.0,10.0,10.0,10.0,10.0,95.0,9.0,1.22,20160104002432,1600.0
424,-1,-1,-1,-1,-1,-1,-1,-1,-1,-1,-1,-1,1,-1,-1,-1,1,-1,-1,-1,-1,2,0,94,0,0,1.5,1.0,1.0,1,1,9046761,1.0,1.0,1715582,47.66247669890075,,-122.3326592048572,1125,2,25,65,10.0,10.0,10.0,10.0,9.0,100.0,10.0,0.92,20160104002432,
425,-1,-1,-1,-1,-1,-1,-1,-1,-1,-1,-1,-1,1,-1,-1,-1,1,-1,-1,-1,-1,4,0,277,0,2,1.0,1.0,2.0,1,2,35097157,1.0,1.0,6704734,47.66369277578446,,-122.32836574381416,1125,2,0,85,,,,,,,,,20160104002432,
426,-1,-1,-1,-1,-1,-1,-1,-1,-1,-1,-1,-1,1,-1,-1,-1,1,-1,-1,-1,-1,2,30,365,60,90,1.0,1.0,1.0,1,1,45032290,1.0,1.0,8555098,47.66767781200834,,-122.32841376814069,1125,1,0,95,,,,,,,,,20160104002432,
427,-1,-1,-1,-1,-1,-1,-1,-1,-1,-1,-1,-1,1,-1,-1,-1,1,-1,-1,-1,-1,2,0,310,5,35,1.0,1.0,1.0,2,2,6137030,2.0,2.0,1214316,47.66358478630542,,-122.34072797645749,60,1,83,57,9.0,10.0,9.0,10.0,10.0,92.0,9.0,2.63,20160104002432,
428,-1,-1,-1,-1,1,-1,-1,-1,-1,-1,-1,-1,-1,-1,-1,-1,1,-1,-1,-1,-1,2,25,360,55,85,1.0,0.0,1.0,1,1,24017361,1.0,1.0,7325455,47.65736664396986,,-122.3267419776907,1125,1,1,75,10.0,10.0,10.0,10.0,10.0,100.0,10.0,1.0,20160104002432,
429,-1,-1,-1,-1,-1,-1,-1,-1,-1,-1,-1,-1,1,-1,-1,-1,1,-1,-1,-1,-1,3,24,259,54,84,1.0,0.0,1.0,2,2,17935405,2.0,2.0,6325685,47.66440367941576,,-122.33812735653585,29,1,44,120,10.0,10.0,10.0,10.0,10.0,98.0,10.0,5.87,20160104002432,
430,-1,1,-1,-1,-1,-1,-1,-1,-1,-1,-1,-1,-1,-1,-1,-1,1,-1,-1,-1,-1,6,28,363,58,88,1.0,1.0,6.0,1,2,14942,3.0,3.0,9596,47.65478743100019,,-122.33651988462252,21,3,32,120,9.0,9.0,9.0,9.0,10.0,88.0,9.0,0.58,20160104002432,
431,-1,1,-1,-1,-1,-1,-1,-1,-1,1,-1,-1,-1,-1,-1,-1,-1,-1,-1,-1,-1,2,21,356,51,81,1.0,1.0,1.0,1,1,22100785,1.0,1.0,9568491,47.65014724729702,,-122.3417705080057,1125,1,4,40,9.0,10.0,10.0,10.0,10.0,100.0,10.0,3.43,20160104002432,
432,-1,-1,-1,-1,-1,-1,-1,-1,-1,-1,-1,-1,1,-1,-1,-1,1,-1,-1,-1,-1,12,0,121,0,0,3.0,6.0,6.0,1,6,3904755,2.0,2.0,1747184,47.64923604470909,,-122.33218024108508,45,2,24,490,10.0,10.0,10.0,10.0,10.0,99.0,10.0,1.29,20160104002432,
433,-1,1,-1,-1,-1,-1,-1,-1,-1,-1,-1,-1,-1,-1,-1,-1,1,-1,-1,-1,-1,2,30,365,60,90,1.0,1.0,1.0,1,2,43818412,1.0,1.0,8653843,47.67169512983537,,-122.32487928245119,1125,2,2,50,10.0,10.0,10.0,10.0,10.0,100.0,8.0,0.72,20160104002432,
434,-1,-1,-1,-1,-1,-1,-1,-1,-1,-1,-1,-1,1,-1,-1,-1,1,-1,-1,-1,-1,6,0,190,5,5,1.0,2.0,2.0,1,2,5887608,1.0,1.0,6727729,47.64784967397029,,-122.33607883941549,1125,2,5,200,10.0,10.0,10.0,10.0,9.0,96.0,10.0,0.81,20160104002432,
435,-1,-1,-1,-1,-1,-1,-1,-1,-1,-1,-1,-1,1,-1,-1,-1,1,-1,-1,-1,-1,1,30,365,60,90,1.0,1.0,1.0,37,1,1243056,37.0,37.0,3888986,47.65105572913226,,-122.33098569942963,1125,4,1,40,10.0,10.0,8.0,8.0,10.0,100.0,10.0,0.2,20160104002432,
436,-1,-1,-1,-1,-1,-1,-1,-1,-1,-1,-1,-1,1,-1,-1,-1,1,-1,-1,-1,-1,2,21,140,51,81,1.0,1.0,2.0,2,2,3979528,5.0,5.0,4135710,47.64811529217742,,-122.33166537419878,270,4,0,255,,,,,,,,,20160104002432,
437,-1,-1,-1,-1,-1,-1,-1,-1,-1,-1,-1,-1,1,-1,-1,-1,1,-1,-1,-1,-1,2,28,359,54,84,1.0,1.0,1.0,1,1,12806968,1.0,1.0,3652434,47.65437002180367,,-122.32789618932951,10,1,88,95,10.0,10.0,10.0,10.0,10.0,97.0,10.0,5.88,20160104002432,
438,-1,1,-1,-1,-1,-1,-1,-1,-1,-1,-1,-1,-1,-1,-1,-1,1,-1,-1,-1,-1,2,0,116,0,0,1.0,1.0,1.0,1,1,38039499,1.0,1.0,7667990,47.657541758631105,,-122.34153252138238,1125,1,1,160,10.0,6.0,8.0,10.0,10.0,80.0,10.0,0.25,20160104002432,
439,-1,-1,-1,-1,-1,-1,-1,-1,-1,-1,-1,-1,1,-1,-1,-1,1,-1,-1,-1,-1,2,26,339,41,64,2.0,1.0,1.0,3,1,10061445,3.0,3.0,4047058,47.668581105214855,,-122.33688020592248,365,1,49,55,10.0,10.0,10.0,10.0,10.0,95.0,10.0,3.08,20160104002432,
440,-1,-1,-1,-1,-1,-1,-1,-1,-1,-1,-1,-1,1,-1,-1,-1,1,-1,-1,-1,-1,2,24,83,54,83,1.0,1.0,1.0,1,1,35804562,1.0,1.0,7163934,47.66029589021287,,-122.34026075100037,21,2,5,85,10.0,10.0,10.0,10.0,10.0,100.0,10.0,1.42,20160104002432,
441,-1,-1,-1,-1,-1,-1,-1,-1,-1,-1,-1,-1,1,-1,-1,-1,1,-1,-1,-1,-1,8,10,198,14,14,1.0,4.0,3.0,1,4,18229030,1.0,1.0,7717478,47.669934292457256,,-122.32668994810786,1125,2,0,325,,,,,,,,,20160104002432,
442,-1,1,-1,-1,-1,-1,-1,-1,-1,-1,-1,-1,-1,-1,-1,-1,1,-1,-1,-1,-1,5,13,76,13,13,1.0,2.0,3.0,1,1,24087447,1.0,1.0,4653552,47.67146343960837,,-122.33413317558308,30,1,32,144,10.0,10.0,10.0,10.0,10.0,96.0,10.0,2.74,20160104002432,
443,-1,-1,-1,-1,-1,-1,-1,-1,-1,-1,-1,-1,1,-1,-1,-1,1,-1,-1,-1,-1,2,0,19,0,0,1.0,1.0,1.0,1,1,282560,1.0,1.0,6915439,47.65837647388668,,-122.32676554716288,1125,3,0,100,,,,,,,,,20160104002432,
444,-1,1,-1,-1,-1,-1,-1,-1,-1,-1,-1,-1,-1,-1,-1,-1,1,-1,-1,-1,-1,4,30,349,44,74,1.0,0.0,2.0,3,2,1414691,3.0,3.0,506542,47.658538900609166,,-122.32581803195673,1125,3,86,115,10.0,10.0,10.0,10.0,10.0,95.0,9.0,1.98,20160104002432,750.0
445,-1,-1,-1,-1,-1,-1,-1,-1,-1,-1,-1,-1,1,-1,-1,-1,1,-1,-1,-1,-1,2,16,350,46,76,2.0,1.0,1.0,3,1,10061445,3.0,3.0,4046863,47.66536801249707,,-122.33999428735017,365,1,73,55,10.0,10.0,10.0,10.0,10.0,98.0,10.0,4.56,20160104002432,
446,-1,1,-1,-1,-1,-1,-1,-1,-1,-1,-1,-1,-1,-1,-1,-1,1,-1,-1,-1,-1,3,0,124,0,0,1.0,1.0,1.0,1,1,1252862,1.0,1.0,3915826,47.659387061100205,,-122.34188150985615,1125,2,11,95,10.0,10.0,10.0,10.0,10.0,98.0,10.0,0.7,20160104002432,
447,-1,-1,-1,-1,-1,-1,-1,-1,-1,-1,-1,-1,1,-1,-1,-1,1,-1,-1,-1,-1,4,29,364,59,89,2.0,3.0,3.0,1,4,14282414,1.0,1.0,4787415,47.64181148252343,,-122.37407118740737,24,3,0,175,,,,,,,,,20160104002432,
448,-1,-1,-1,-1,-1,-1,-1,-1,-1,-1,-1,-1,1,-1,-1,-1,1,-1,-1,-1,-1,4,30,365,60,90,1.0,1.0,2.0,1,2,8539521,2.0,2.0,1602488,47.64675745426953,,-122.35279913111854,31,1,118,95,10.0,9.0,9.0,9.0,10.0,93.0,10.0,4.29,20160104002432,
